



@article{brown2009models,
  title={Models and perspectives on stage: remarks on Giere’s scientific perspectivism},
  author={Brown, Matthew J},
  journal={Studies in History and Philosophy of Science Part A},
  volume={40},
  number={2},
  pages={213--220},
  year={2009},
  publisher={Elsevier}
}



@article{chavalarias2016s,
  title={What's wrong with Science?},
  author={Chavalarias, David},
  journal={Scientometrics},
  pages={1--23},
  year={2016},
  publisher={Springer}
}



@book{hofstadter1980godel,
  title={G{\"o}del, Escher, Bach: An Eternal Golden Braid;[a Metaphoric Fugue on Minds and Machines in the Spirit of Lewis Carroll].},
  author={Hofstadter, Douglas H},
  year={1980},
  publisher={Penguin Books}
}


@ARTICLE{2017arXiv170401407M,
   author = {{Moulin-Frier}, C. and {Puigb{\`o}}, J.-Y. and {Arsiwalla}, X.~D. and 
	{Sanchez-Fibla}, M. and {Verschure}, P.~F.~M.~J.},
    title = {Embodied Artificial Intelligence through Distributed Adaptive Control: An Integrated Framework},
  journal = {ArXiv e-prints},
archivePrefix = {arXiv},
   eprint = {1704.01407},
 primaryClass = {cs.AI},
 keywords = {Computer Science - Artificial Intelligence, Computer Science - Learning, Computer Science - Multiagent Systems},
     year = {2017},
    month = {apr},
   adsurl = {http://adsabs.harvard.edu/abs/2017arXiv170401407M},
  adsnote = {Provided by the SAO/NASA Astrophysics Data System}
}



@book{cronin2014beyond,
  title={Beyond bibliometrics: Harnessing multidimensional indicators of scholarly impact},
  author={Cronin, Blaise and Sugimoto, Cassidy R},
  year={2014},
  publisher={MIT Press}
}


@misc{kuhn1970structure,
  title={The structure of scientific revolutions},
  author={Kuhn, Thomas S},
  year={1970},
  publisher={Chicago: The University of Chicago Press}
}


@misc{raimbault2017entretiens,
  title={Entretiens v0.2 [Data set]. Zenodo. http://doi.org/10.5281/zenodo.556331},
  author={Raimbault, Juste},
  year={2017}
}



@inproceedings{raimbault:halshs-01505084,
  TITLE = {{Un Cadre de Connaissances pour une G{\'e}ographie Int{\'e}gr{\'e}e}},
  AUTHOR = {Raimbault, Juste},
  URL = {https://halshs.archives-ouvertes.fr/halshs-01505084},
  BOOKTITLE = {{Journ{\'e}e des jeunes chercheurs de l'Institut de G{\'e}ographie de Paris}},
  ADDRESS = {Paris, France},
  YEAR = {2017},
  MONTH = Apr,
  KEYWORDS = {Cadre de Connaissances  ;  Integration des Domaines},
  HAL_ID = {halshs-01505084},
  HAL_VERSION = {v1},
}




@article{balbo2016positionnement,
  title={Positionnement des syst{\`e}mes multi-agents pour les syst{\`e}mes de transport intelligents},
  author={Balbo, Flavien and Adam, Emmanuel and Mandiau, Ren{\'e}},
  journal={Revue des Sciences et Technologies de l'Information-S{\'e}rie RIA: Revue d'Intelligence Artificielle},
  volume={30},
  number={3},
  pages={299--327},
  year={2016}
}



@phdthesis{moreno2016etude,
  title={Etude du comportement des tunnels en ma{\c{c}}onnerie du m{\'e}tro parisien},
  author={Moreno Regan, Omar},
  year={2016},
  school={Paris Est}
}



@inproceedings{belmonte2008automatisation,
  title={Automatisation int{\'e}grale de la ligne 1: {\'e}tude et mod{\'e}lisation du trafic mixte},
  author={Belmonte, Myl{\`e}ne and Churchill, Gerald and Schon, Walter and Boulanger, Jean-Louis},
  booktitle={Lambda-Mu},
  pages={Session--5B},
  year={2008}
}

@article{foot1994ratp,
  title={RATP, un corporatisme {\`a} l'{\'e}preuve des voyageurs},
  author={Foot, Robin},
  journal={Travail},
  volume={31},
  pages={63--100},
  year={1994}
}


@inproceedings{hatchuel1988stations,
  title={Des stations de m{\'e}tro en mouvement: Station 2000, un sc{\'e}nario prospectif},
  author={Hatchuel, Armand and Pallez, Fr{\'e}d{\'e}rique and P{\'e}ny, Andr{\'e}},
  booktitle={Les Annales de la recherche urbaine},
  volume={39},
  number={1},
  pages={35--42},
  year={1988},
  organization={Pers{\'e}e-Portail des revues scientifiques en SHS}
}


@article{foot2005faut,
  title={Faut-il prot{\'e}ger le m{\'e}tro des voyageurs? Ou l'appr{\'e}hension du voyageur par les ing{\'e}nieurs et les conducteurs},
  author={Foot, Robin},
  journal={Travailler},
  number={2},
  pages={169--206},
  year={2005},
  publisher={Martin media}
}





@misc{pumain2017book,
	Author = {Pumain, Denise and Reuillon, Romain},
	Title = {Urban Dynamics and Simulation Models},
	Year = {2017}}




@misc{batty2012smart,
	Author = {Batty, Michael},
	Title = {Smart cities, big data},
	Year = {2012}}



@article{bergeaud2017classifying,
  title={Classifying Patents Based on their Semantic Cntent},
  author={Bergeaud, Antonin and Potiron, Yoann and Raimbault, Juste},
  journal={arXiv:},
  year={2017}
}


@inproceedings{losavio2017modeling,
  title={Modeling Residential Dynamics in a Mega-city Region: the Case of Pearl River Delta, China},
  author={Losavio, Cinzia and Raimbault, Juste},
  booktitle={Urban China International Conference, London, 6-7th May 2017},
  year={2017}
}


@misc{rescience,
  author = {ReScience},
  year = {2015},
  title={ReScience Journal, https://rescience.github.io/}
}

@article{cuyala2013diffusion,
  title={La diffusion de la g{\'e}ographie th{\'e}orique et quantitative europ{\'e}enne francophone d’apr{\`e}s les r{\'e}seaux de communications aux colloques europ{\'e}ens (1978-2011)},
  author={Cuyala, Sylvain},
  journal={Cybergeo: European Journal of Geography},
  year={2013},
  publisher={CNRS-UMR G{\'e}ographie-cit{\'e}s 8504}
}



@article{pumain2002role,
  title={Le r{\^o}le des math{\'e}matiques dans une {\guillemotleft}r{\'e}volution{\guillemotright} th{\'e}orique et quantitative: la g{\'e}ographie fran{\c{c}}aise depuis les ann{\'e}es 1970},
  author={Pumain, Denise and Robic, Marie-Claire},
  journal={Revue d'histoire des sciences humaines},
  number={1},
  pages={123--144},
  year={2002},
  publisher={Ed. Sc. Humaines}
}


@book{hacking1999social,
  title={The social construction of what?},
  author={Hacking, Ian},
  year={1999},
  publisher={Harvard university press}
}


@book{feyerabend1993against,
  title={Against method},
  author={Feyerabend, Paul},
  year={1993},
  publisher={Verso}
}

@inproceedings{raimbault2016towards,
  title={Towards a Theory of Co-evolutive Networked Territorial Systems: Insights from Transportation Governance Modeling in Pearl River Delta, China},
  author={Raimbault, Juste},
  booktitle={Medium Seminar-Urban Sustainable Development in Zhuhai},
  year={2016}
}


@article{giere2010agent,
  title={An agent-based conception of models and scientific representation},
  author={Giere, Ronald N},
  journal={Synthese},
  volume={172},
  number={2},
  pages={269--281},
  year={2010},
  publisher={Springer}
}



@book{giere2010explaining,
  title={Explaining science: A cognitive approach},
  author={Giere, Ronald N},
  year={2010},
  publisher={University of Chicago Press}
}


@incollection{durantin2017disruptive,
	Author = {Durantin, Arnaud and Fanmuy, Gauthier and Miet, S{\'e}gol{\`e}ne and Pegon, Val{\'e}rie},
	Booktitle = {Complex Systems Design \& Management},
	Date-Added = {2017-03-27 15:50:48 +0000},
	Date-Modified = {2017-03-27 15:50:48 +0000},
	Pages = {41--56},
	Publisher = {Springer},
	Title = {Disruptive Innovation in Complex Systems},
	Year = {2017}}

@article{carlile2004transferring,
	Author = {Carlile, Paul R},
	Date-Added = {2017-03-27 12:13:14 +0000},
	Date-Modified = {2017-03-27 12:13:14 +0000},
	Journal = {Organization science},
	Number = {5},
	Pages = {555--568},
	Publisher = {INFORMS},
	Title = {Transferring, translating, and transforming: An integrative framework for managing knowledge across boundaries},
	Volume = {15},
	Year = {2004},
	Bdsk-File-1 = {YnBsaXN0MDDUAQIDBAUGJCVYJHZlcnNpb25YJG9iamVjdHNZJGFyY2hpdmVyVCR0b3ASAAGGoKgHCBMUFRYaIVUkbnVsbNMJCgsMDxJXTlMua2V5c1pOUy5vYmplY3RzViRjbGFzc6INDoACgAOiEBGABIAFgAdccmVsYXRpdmVQYXRoWWFsaWFzRGF0YV8QMkJpYmxpby9JbnRlZ3JhdGl2ZUZyYW1ld29ya0lubm92YXRpb25fMzAwMzQ3NTcucGRm0hcLGBlXTlMuZGF0YU8RAqoAAAAAAqoAAgAADE1hY2ludG9zaCBIRAAAAAAAAAAAAAAAAAAAAMpBBgxIKwAABIVa2B9JbnRlZ3JhdGl2ZUZyYW1ld29yIzQ4NTVCMTYucGRmAAAAAAAAAAAAAAAAAAAAAAAAAAAAAAAAAAAAAAAAAAAEhVsW1P7OWAAAAAAAAAAAAAEAAwAACSAAAAAAAAAAAAAAAAAAAAAGQmlibGlvABAACAAAykDp7AAAABEACAAA1P6yOAAAAAEALASFWtgEgjriBHn3VwR+nyADGjfGAiH5LwIh+RAAkMIpAAUCFQAFAhQAAL7sAAIAnk1hY2ludG9zaCBIRDpVc2VyczoASnVzdGU6AERvY3VtZW50czoAQ29tcGxleFN5c3RlbXM6AENpdHlOZXR3b3JrOgBEb2NzOgBDb21tdW5pY2F0aW9uczoAMjAxNzoASklHMjAxNzoAQ29tbXVuaWNhdGlvbjoAQmlibGlvOgBJbnRlZ3JhdGl2ZUZyYW1ld29yIzQ4NTVCMTYucGRmAA4AWAArAEkAbgB0AGUAZwByAGEAdABpAHYAZQBGAHIAYQBtAGUAdwBvAHIAawBJAG4AbgBvAHYAYQB0AGkAbwBuAF8AMwAwADAAMwA0ADcANQA3AC4AcABkAGYADwAaAAwATQBhAGMAaQBuAHQAbwBzAGgAIABIAEQAEgCSVXNlcnMvSnVzdGUvRG9jdW1lbnRzL0NvbXBsZXhTeXN0ZW1zL0NpdHlOZXR3b3JrL0RvY3MvQ29tbXVuaWNhdGlvbnMvMjAxNy9KSUcyMDE3L0NvbW11bmljYXRpb24vQmlibGlvL0ludGVncmF0aXZlRnJhbWV3b3JrSW5ub3ZhdGlvbl8zMDAzNDc1Ny5wZGYAEwABLwAAFQACAAz//wAAgAbSGxwdHlokY2xhc3NuYW1lWCRjbGFzc2VzXU5TTXV0YWJsZURhdGGjHR8gVk5TRGF0YVhOU09iamVjdNIbHCIjXE5TRGljdGlvbmFyeaIiIF8QD05TS2V5ZWRBcmNoaXZlctEmJ1Ryb290gAEACAARABoAIwAtADIANwBAAEYATQBVAGAAZwBqAGwAbgBxAHMAdQB3AIQAjgDDAMgA0AN+A4ADhQOQA5kDpwOrA7IDuwPAA80D0APiA+UD6gAAAAAAAAIBAAAAAAAAACgAAAAAAAAAAAAAAAAAAAPs}}

@article{gemino2004framework,
	Author = {Gemino, Andrew and Wand, Yair},
	Date-Added = {2017-03-27 12:04:48 +0000},
	Date-Modified = {2017-03-27 12:04:48 +0000},
	Journal = {Requirements Engineering},
	Number = {4},
	Pages = {248--260},
	Publisher = {Springer},
	Title = {A framework for empirical evaluation of conceptual modeling techniques},
	Volume = {9},
	Year = {2004},
	Bdsk-File-1 = {YnBsaXN0MDDUAQIDBAUGJCVYJHZlcnNpb25YJG9iamVjdHNZJGFyY2hpdmVyVCR0b3ASAAGGoKgHCBMUFRYaIVUkbnVsbNMJCgsMDxJXTlMua2V5c1pOUy5vYmplY3RzViRjbGFzc6INDoACgAOiEBGABIAFgAdccmVsYXRpdmVQYXRoWWFsaWFzRGF0YV8QRkJpYmxpby9FdmFsdWF0aW9uQ29uY2VwdHVhbE1vZGVsX2FydCUzQTEwLjEwMDclMkZzMDA3NjYtMDA0LTAyMDQtNi5wZGbSFwsYGVdOUy5kYXRhTxEC5gAAAAAC5gACAAAMTWFjaW50b3NoIEhEAAAAAAAAAAAAAAAAAAAAykEGDEgrAAAEhVrYH0V2YWx1YXRpb25Db25jZXB0dWEjNDg1NUFENS5wZGYAAAAAAAAAAAAAAAAAAAAAAAAAAAAAAAAAAAAAAAAAAASFWtXU/sy2AAAAAAAAAAAAAQADAAAJIAAAAAAAAAAAAAAAAAAAAAZCaWJsaW8AEAAIAADKQOnsAAAAEQAIAADU/rCWAAAAAQAsBIVa2ASCOuIEefdXBH6fIAMaN8YCIfkvAiH5EACQwikABQIVAAUCFAAAvuwAAgCeTWFjaW50b3NoIEhEOlVzZXJzOgBKdXN0ZToARG9jdW1lbnRzOgBDb21wbGV4U3lzdGVtczoAQ2l0eU5ldHdvcms6AERvY3M6AENvbW11bmljYXRpb25zOgAyMDE3OgBKSUcyMDE3OgBDb21tdW5pY2F0aW9uOgBCaWJsaW86AEV2YWx1YXRpb25Db25jZXB0dWEjNDg1NUFENS5wZGYADgCAAD8ARQB2AGEAbAB1AGEAdABpAG8AbgBDAG8AbgBjAGUAcAB0AHUAYQBsAE0AbwBkAGUAbABfAGEAcgB0ACUAMwBBADEAMAAuADEAMAAwADcAJQAyAEYAcwAwADAANwA2ADYALQAwADAANAAtADAAMgAwADQALQA2AC4AcABkAGYADwAaAAwATQBhAGMAaQBuAHQAbwBzAGgAIABIAEQAEgCmVXNlcnMvSnVzdGUvRG9jdW1lbnRzL0NvbXBsZXhTeXN0ZW1zL0NpdHlOZXR3b3JrL0RvY3MvQ29tbXVuaWNhdGlvbnMvMjAxNy9KSUcyMDE3L0NvbW11bmljYXRpb24vQmlibGlvL0V2YWx1YXRpb25Db25jZXB0dWFsTW9kZWxfYXJ0JTNBMTAuMTAwNyUyRnMwMDc2Ni0wMDQtMDIwNC02LnBkZgATAAEvAAAVAAIADP//AACABtIbHB0eWiRjbGFzc25hbWVYJGNsYXNzZXNdTlNNdXRhYmxlRGF0YaMdHyBWTlNEYXRhWE5TT2JqZWN00hscIiNcTlNEaWN0aW9uYXJ5oiIgXxAPTlNLZXllZEFyY2hpdmVy0SYnVHJvb3SAAQAIABEAGgAjAC0AMgA3AEAARgBNAFUAYABnAGoAbABuAHEAcwB1AHcAhACOANcA3ADkA84D0APVA+AD6QP3A/sEAgQLBBAEHQQgBDIENQQ6AAAAAAAAAgEAAAAAAAAAKAAAAAAAAAAAAAAAAAAABDw=}}

