


@ARTICLE{2018arXiv181011563S,
       author = {{Susskind}, Leonard},
        title = "{Three Lectures on Complexity and Black Holes}",
      journal = {arXiv e-prints},
     keywords = {High Energy Physics - Theory},
         year = 2018,
        month = Oct,
          eid = {arXiv:1810.11563},
        pages = {arXiv:1810.11563},
archivePrefix = {arXiv},
       eprint = {1810.11563},
 primaryClass = {hep-th},
       adsurl = {https://ui.adsabs.harvard.edu/#abs/2018arXiv181011563S},
      adsnote = {Provided by the SAO/NASA Astrophysics Data System},
        file={Docs/1810.11563.pdf}
}



@article{buchanan2018natural,
        Author = {Buchanan, Mark},
        Journal = {Nature Physics},
        Number = {12},
        Pages = {1154--1154},
        Title = {A natural bias for simplicity},
        Volume = {14},
        Year = {2018},
        file={Docs/10.1038@s41567-018-0370-y.pdf}
}



@inproceedings{raimbault2017cadre,
  title={Un Cadre de Connaissances pour une G{\'e}ographie Int{\'e}gr{\'e}e},
  author={Raimbault, Juste},
  booktitle={Journ{\'e}e des jeunes chercheurs de l'Institut de G{\'e}ographie de Paris},
  year={2017}
}

@incollection{todesco2013cellular,
  title={Cellular Automata: the Game of Life},
  author={Todesco, Gian Marco},
  booktitle={Imagine Math 2},
  pages={231--243},
  year={2013},
  publisher={Springer}
}


@inproceedings{raimbault2017invisible,
  title={Invisible Bridges? Scientific landscapes around similar objects studied from Economics and Geography perspectives},
  author={Raimbault, Juste},
  booktitle={20th European Colloquium in Theoretical and Quantitative Geography 2017},
  year={2017}
}



@article{rozenblat2018conclusion,
  title={Conclusion: Toward a Methodology for Multi-scalar Urban System Policies},
  author={Rozenblat, Celine and Pumain, Denise},
  journal={International and Transnational Perspectives on Urban Systems},
  pages={385},
  year={2018},
  publisher={Springer}
}


@book{giere2010explaining,
  title={Explaining science: A cognitive approach},
  author={Giere, Ronald N},
  year={2010},
  publisher={University of Chicago Press}
}



@book{pumain2017urban,
	Author = {Pumain, Denise and Reuillon, Romain},
	Publisher = {Springer International},
	Title = {Urban Dynamics and Simulation Models},
	Year = {2017}}




@article{banos2013pour,
	Author = {Banos, Arnaud},
	Journal = {HDR. Universit{\'e} Paris},
	Title = {Pour des pratiques de mod{\'e}lisation et de simulation lib{\'e}r{\'e}es en G{\'e}ographies et SHS},
	Volume = {1},
	Year = {2013}}



@book{giere2010scientific,
	Author = {Giere, Ronald N},
	Publisher = {University of Chicago Press},
	Title = {Scientific perspectivism},
	Year = {2010}}


@incollection{gershenson2012world,
  title={The world as evolving information},
  author={Gershenson, Carlos},
  booktitle={Unifying Themes in Complex Systems VII},
  pages={100--115},
  year={2012},
  publisher={Springer}
}



@incollection{roth2009reconstruction,
	Author = {Roth, Camille},
	Booktitle = {Epistemological Aspects of Computer Simulation in the Social Sciences},
	Pages = {89--98},
	Publisher = {Springer},
	Title = {Reconstruction Failures: Questioning Level Design},
	Year = {2009}}




@article{caldarelli2018physics,
  title={Physics of humans, physics for society},
  author={Caldarelli, Guido and Wolf, Sarah and Moreno, Yamir},
  journal={Nature Physics},
  volume={14},
  number={9},
  pages={870},
  year={2018},
  publisher={Nature Publishing Group}
}


@article{lizier2008local,
  title={Local information transfer as a spatiotemporal filter for complex systems},
  author={Lizier, Joseph T and Prokopenko, Mikhail and Zomaya, Albert Y},
  journal={Physical Review E},
  volume={77},
  number={2},
  pages={026110},
  year={2008},
  publisher={APS}
}



@article{frauchiger2018quantum,
  title={Quantum theory cannot consistently describe the use of itself},
  author={Frauchiger, Daniela and Renner, Renato},
  journal={Nature communications},
  volume={9},
  number={1},
  pages={3711},
  year={2018},
  publisher={Nature Publishing Group}
}


@article{lecheval2018social,
  title={Social conformity and propagation of information in collective U-turns of fish schools},
  author={Lecheval, Valentin and Jiang, Li and Tichit, Pierre and Sire, Cl{\'e}ment and Hemelrijk, Charlotte K and Theraulaz, Guy},
  journal={Proc. R. Soc. B},
  volume={285},
  number={1877},
  pages={20180251},
  year={2018},
  publisher={The Royal Society}
}


@article{banzhaf2016defining,
  title={Defining and simulating open-ended novelty: requirements, guidelines, and challenges},
  author={Banzhaf, Wolfgang and Baumgaertner, Bert and Beslon, Guillaume and Doursat, Ren{\'e} and Foster, James A and McMullin, Barry and De Melo, Vinicius Veloso and Miconi, Thomas and Spector, Lee and Stepney, Susan and others},
  journal={Theory in Biosciences},
  volume={135},
  number={3},
  pages={131--161},
  year={2016},
  publisher={Springer}
}


@inproceedings{raimbault2014hybrid,
  title={A Hybrid Network/Grid Model of Urban Morphogenesis and Optimization},
  author={Raimbault, Juste and Banos, Arnaud and Doursat, Ren{\'e}},
  booktitle={4th International Conference on Complex Systems and Applications},
  pages={51--60},
  year={2014}
}


@article{muelder2018, title = {One Theory - Many Formalizations: Testing Different Code Implementations of the Theory of Planned Behaviour in Energy Agent-Based Models}, author = {Muelder, Hannah and Filatova, Tatiana}, journal = {Journal of Artificial Societies and Social Simulation}, ISSN = {1460-7425}, volume = {21}, number = {4}, pages = {5}, year = {2018}, URL = {http://jasss.soc.surrey.ac.uk/21/4/5.html}, DOI = {10.18564/jasss.3855}, keywords = {Micro-Foundations, Households, Decision Making, Behaviour, Theory, Energy}, abstract = {The more agent-based modelling gains popularity, the more we see the need for transparency of the underlying modelling assumptions. Behavioural rules guiding agents' decisions, learning, interactions and possible changes in these should rely on solid theoretical and empirical grounds. This field has matured enough to reach the point at which we need to go beyond just reporting what social theory we base these rules upon. Many social science theories operate with various abstract constructs such as attitudes, perceptions, norms or intentions. These concepts are rather subjective and remain open to interpretation when operationalizing them in a formal model code. There is a growing concern that how modellers interpret qualitative social science theories in quantitative ABMs may differ from case to case. Yet, formal tests of these differences are scarce, and a systematic approach to analyse any possible disagreements is lacking. Our paper addresses this gap by exploring the consequences of variations in formalizations of one social science theory on the simulation outcomes of agent-based models of the same class. We ran simulations to test the impact of four types of differences: in model architecture concerning specific equations and their sequence within one theory, in factors affecting agents' decisions, in the representation of these potentially different factors, and finally in the underlying distribution of data used in a model. We illustrate emergent outcomes of these differences using the example of an agent-based model, which is developed to study regional impacts of households' solar panel investment decisions. The Theory of Planned Behaviour was applied as one of the most common social science theories used to define behavioural rules of individual agents. Our findings demonstrate qualitative and quantitative differences in the simulation outcomes, even when agents' decision rules are based on the same theory and data. The paper outlines a number of critical methodological implications for future developments in agent-based modelling.}}


@article{thurner2017three,
  title={Three faces of entropy for complex systems: Information, thermodynamics, and the maximum entropy principle},
  author={Thurner, Stefan and Corominas-Murtra, Bernat and Hanel, Rudolf},
  journal={Physical Review E},
  volume={96},
  number={3},
  pages={032124},
  year={2017},
  publisher={APS}
}


@article{WolfE8678,
        author = {Wolf, Yuri I. and Katsnelson, Mikhail I. and Koonin, Eugene V.},
        title = {Physical foundations of biological complexity},
        volume = {115},
        number = {37},
        pages = {E8678--E8687},
        year = {2018},
        doi = {10.1073/pnas.1807890115},
        publisher = {National Academy of Sciences},
        abstract = {Living organisms are characterized by a degree of hierarchical complexity that appears to be inaccessible to even the most complex inanimate objects. Routes and patterns of the evolution of complexity are poorly understood. We propose a general conceptual framework for emergence of complexity through competing interactions and frustrated states similar to those that yield patterns in striped glasses and cause self-organized criticality. We show that biological evolution is replete with competing interactions and frustration that, in particular, drive major transitions in evolution. The key distinction between biological and nonbiological systems seems to be the existence of long-term digital memory and phenotype-to-genotype feedback in living matter.Biological systems reach hierarchical complexity that has no counterpart outside the realm of biology. Undoubtedly, biological entities obey the fundamental physical laws. Can today{\textquoteright}s physics provide an explanatory framework for understanding the evolution of biological complexity? We argue that the physical foundation for understanding the origin and evolution of complexity can be gleaned at the interface between the theory of frustrated states resulting in pattern formation in glass-like media and the theory of self-organized criticality (SOC). On the one hand, SOC has been shown to emerge in spin-glass systems of high dimensionality. On the other hand, SOC is often viewed as the most appropriate physical description of evolutionary transitions in biology. We unify these two faces of SOC by showing that emergence of complex features in biological evolution typically, if not always, is triggered by frustration that is caused by competing interactions at different organizational levels. Such competing interactions lead to SOC, which represents the optimal conditions for the emergence of complexity. Competing interactions and frustrated states permeate biology at all organizational levels and are tightly linked to the ubiquitous competition for limiting resources. This perspective extends from the comparatively simple phenomena occurring in glasses to large-scale events of biological evolution, such as major evolutionary transitions. Frustration caused by competing interactions in multidimensional systems could be the general driving force behind the emergence of complexity, within and beyond the domain of biology.},
        issn = {0027-8424},
        URL = {http://www.pnas.org/content/115/37/E8678},
        eprint = {http://www.pnas.org/content/115/37/E8678.full.pdf},
        journal = {Proceedings of the National Academy of Sciences},
        file = {Docs/E8678.full.pdf}
}



@article{shah2006building,
  title={Building better theory by bridging the quantitative--qualitative divide},
  author={Shah, Sonali K and Corley, Kevin G},
  journal={Journal of management studies},
  volume={43},
  number={8},
  pages={1821--1835},
  year={2006},
  publisher={Wiley Online Library}
}

@article{maton2003reflexivity,
  title={Reflexivity, relationism, \& research: Pierre Bourdieu and the epistemic conditions of social scientific knowledge},
  author={Maton, Karl},
  journal={Space and culture},
  volume={6},
  number={1},
  pages={52--65},
  year={2003},
  publisher={Sage Publications Sage CA: Los Angeles, CA}
}

@book{bourdieu2004science,
  title={Science of science and reflexivity},
  author={Bourdieu, Pierre},
  year={2004},
  publisher={Polity}
}


@article{edgar1986methode,
  title={La m{\'e}thode 3. La connaissance de la connaissance},
  author={Morin, E.},
  journal={Essais, Seuil},
  year={1986}
}


@misc{dedeo2016information,
  title={Information theory for intelligent people},
  author={DeDeo, Simon},
  year={2016}
}

@article{allen2017multiscale,
	Author = {Allen, Benjamin and Stacey, Blake C and Bar-Yam, Yaneer},
	Journal = {Entropy},
	Number = {6},
	Pages = {273},
	Title = {Multiscale Information Theory and the Marginal Utility of Information},
	Volume = {19},
	Year = {2017}}



@article{manson2001simplifying,
  title={Simplifying complexity: a review of complexity theory},
  author={Manson, Steven M},
  journal={Geoforum},
  volume={32},
  number={3},
  pages={405--414},
  year={2001},
  publisher={Elsevier}
}


@inproceedings{batty2018which,
	title={Which complexity for urban systems ?},
	author={Batty, M.},
	booktitle={Theories and models of urbanization},
	publisher={Springer lecture notes in morphogenesis},
	year={2018}
}


@article{krugman1994complex,
  title={Complex landscapes in economic geography},
  author={Krugman, Paul},
  journal={The American Economic Review},
  volume={84},
  number={2},
  pages={412--416},
  year={1994},
  publisher={JSTOR}
}


@incollection{cooke2018evolutionary,
  title={Evolutionary Complexity Geography and the Future of Regional Innovation and Growth Policies},
  author={Cooke, Philip},
  booktitle={Resilience and Regional Dynamics},
  pages={11--30},
  year={2018},
  publisher={Springer}
}


@book{alexander1977pattern,
	Author = {Alexander, Christopher},
	Publisher = {Oxford university press},
	Title = {A pattern language: towns, buildings, construction},
	Year = {1977}}



@book{west2017scale,
  title={Scale: the universal laws of growth, innovation, sustainability, and the pace of life in organisms, cities, economies, and companies},
  author={West, Geoffrey},
  year={2017},
  publisher={Penguin}
}



@article{e18060197,
	Author = {Haken, Hermann and Portugali, Juval},
	Journal = {Entropy},
	Number = {6},
	Pages = {197},
	Title = {Information and Selforganization: A Unifying Approach and Applications},
	Volume = {18},
	Year = {2016}}



@incollection{pumain2017geography,
	Author = {Pumain, Denise},
	Booktitle = {Non-Equilibrium Social Science and Policy},
	Pages = {71--80},
	Publisher = {Springer},
	Title = {Geography far from equilibrium},
	Year = {2017}}

@article{pumain1997pour,
	Author = {Pumain, Denise},
	Journal = {Espace g{\'e}ographique},
	Number = {2},
	Pages = {119--134},
	Title = {Pour une th{\'e}orie {\'e}volutive des villes},
	Volume = {26},
	Year = {1997}}




@book{batty2007cities,
	Author = {Batty, Michael},
	Publisher = {MIT press},
	Title = {Cities and complexity: understanding cities with cellular automata, agent-based models, and fractals},
	Year = {2007}}

@book{batty2013new,
	Author = {Batty, Michael},
	Publisher = {MIT Press},
	Title = {The new science of cities},
	Year = {2013}}




@article{anzoise2017perception,
  title={Perception and (re) framing of urban environments: a methodological reflection toward sentient research},
  author={Anzoise, Valentina},
  journal={Visual Anthropology},
  volume={30},
  number={3},
  pages={191--205},
  year={2017},
  publisher={Taylor \& Francis}
}


@inproceedings{white2017necessity,
title={The Necessity of Disequilibrium},
author={White, R. and Recio, G. and Banzhaf, W.},
booktitle={European Colloquium on Theoretical and Quantitative Geography 2017},
year={2017}
}

@inproceedings{raimbault2017applied,
  title={An Applied Knowledge Framework to Study Complex Systems},
  author={Raimbault, Juste},
  booktitle={Complex Systems Design \& Management},
  pages={31--45},
  year={2017}
}



@article{livet2010,
	Author = {Livet, Pierre and Muller, Jean-Pierre and Phan, Denis and Sanders, Lena},
	Journal = {Journal of Artificial Societies and Social Simulation},
	Number = {1},
	Pages = {3},
	Title = {Ontology, a Mediator for Agent-Based Modeling in Social Science},
	Volume = {13},
	Year = {2010}}




@article{bedau2002downward,
	Author = {Bedau, Mark},
	Journal = {Principia: an international journal of epistemology},
	Number = {1},
	Pages = {5--50},
	Title = {Downward causation and the autonomy of weak emergence},
	Volume = {6},
	Year = {2002}}




@ARTICLE{2018arXiv180807282B,
   author = {{Banos}, A. and {Chasset}, P.-O. and {Commenges}, H. and {Cottineau}, C. and 
	{Pumain}, D. and {Raimbault}, J.},
    title = "{A spatialised bibliometrics approach of a scientific journal production}",
  journal = {ArXiv e-prints},
archivePrefix = "arXiv",
   eprint = {1808.07282},
 primaryClass = "cs.DL",
 keywords = {Computer Science - Digital Libraries},
     year = 2018,
    month = aug,
   adsurl = {http://adsabs.harvard.edu/abs/2018arXiv180807282B},
  adsnote = {Provided by the SAO/NASA Astrophysics Data System}
}



@misc{antelope2016interdisciplinary,
	title={An interdisciplinary approach to morphogenesis},
	author={Antelope, C. and Hubatsch, L. and Raimbault, J. and Serna, M. J.},
	year={2016},
	howpublished={SFICSSS 2016 Proceedings.}
}



@incollection{ashby1991requisite,
	Author = {Ashby, W Ross},
	Booktitle = {Facets of systems science},
	Pages = {405--417},
	Publisher = {Springer},
	Title = {Requisite variety and its implications for the control of complex systems},
	Year = {1991}}




@article{gershenson2015requisite,
	Author = {Gershenson, Carlos},
	Journal = {Kybernetes},
	Number = {6/7},
	Pages = {866--873},
	Title = {Requisite variety, autopoiesis, and self-organization},
	Volume = {44},
	Year = {2015}}



@book{morin1991methode,
	Author = {Morin, Edgar},
	Title = {La M{\'e}thode, tome 4. Les id{\'e}es},
	Year = {1991}}



@ARTICLE{2017arXiv171200805R,
   author = {{Raimbault}, J.},
    title = "{Exploration of an Interdisciplinary Scientific Landscape}",
  journal = {ArXiv e-prints},
archivePrefix = "arXiv",
   eprint = {1712.00805},
 primaryClass = "cs.DL",
 keywords = {Computer Science - Digital Libraries},
     year = 2017,
    month = dec,
   adsurl = {http://adsabs.harvard.edu/abs/2017arXiv171200805R},
  adsnote = {Provided by the SAO/NASA Astrophysics Data System}
}



@incollection{read2009innovation,
	Author = {Read, Dwight and Lane, David and Van der Leeuw, Sander},
	Booktitle = {Complexity perspectives in innovation and social change},
	Date-Added = {2017-07-01 01:52:08 +0000},
	Date-Modified = {2017-07-01 01:52:08 +0000},
	Pages = {43--84},
	Publisher = {Springer},
	Title = {The innovation innovation},
	Year = {2009}}




@book{gell1995quark,
	Author = {Gell-Mann, Murray},
	Date-Added = {2017-12-07 09:51:34 +0000},
	Date-Modified = {2017-12-07 09:51:34 +0000},
	Publisher = {Macmillan},
	Title = {The Quark and the Jaguar: Adventures in the Simple and the Complex},
	Year = {1995}}




@article{allen2017multiscale,
	Author = {Allen, Benjamin and Stacey, Blake C and Bar-Yam, Yaneer},
	Date-Added = {2017-10-11 12:07:09 +0000},
	Date-Modified = {2017-10-11 12:07:09 +0000},
	Journal = {Entropy},
	Number = {6},
	Pages = {273},
	Publisher = {Multidisciplinary Digital Publishing Institute},
	Title = {Multiscale Information Theory and the Marginal Utility of Information},
	Volume = {19},
	Year = {2017},
	Bdsk-File-1 = {YnBsaXN0MDDUAQIDBAUGJCVYJHZlcnNpb25YJG9iamVjdHNZJGFyY2hpdmVyVCR0b3ASAAGGoKgHCBMUFRYaIVUkbnVsbNMJCgsMDxJXTlMua2V5c1pOUy5vYmplY3RzViRjbGFzc6INDoACgAOiEBGABIAFgAdccmVsYXRpdmVQYXRoWWFsaWFzRGF0YV8QVC4uLy4uLy4uL0NvbmZlcmVuY2VzLzIwMTcvQ0NTMjAxNy9CaWJsaW8vRG9jcy9JbmZvcm1hdGlvblRoZW9yeS9lbnRyb3B5LTE5LTAwMjczLnBkZtIXCxgZV05TLmRhdGFPEQIyAAAAAAIyAAIAAAxNYWNpbnRvc2ggSEQAAAAAAAAAAAAAAAAAAADVLXURSCsAAAAaK4kUZW50cm9weS0xOS0wMDI3My5wZGYAAAAAAAAAAAAAAAAAAAAAAAAAAAAAAAAAAAAAAAAAAAAAAAAAAAAAAAAAABoriNXowvsAAAAAAAAAAAADAAcAAAkgAAAAAAAAAAAAAAAAAAAAEUluZm9ybWF0aW9uVGhlb3J5AAAQAAgAANUtWPEAAAARAAgAANXoptsAAAABACQAGiuJABnvAwAZ7wEAGe7+ABnu/QAZ7vwACr3pAAmpOAAGadwAAgB8TWFjaW50b3NoIEhEOlVzZXJzOgBqdXN0ZToAQ29tcGxleFN5c3RlbXM6AENvbmZlcmVuY2VzOgAyMDE3OgBDQ1MyMDE3OgBCaWJsaW86AERvY3M6AEluZm9ybWF0aW9uVGhlb3J5OgBlbnRyb3B5LTE5LTAwMjczLnBkZgAOACoAFABlAG4AdAByAG8AcAB5AC0AMQA5AC0AMAAwADIANwAzAC4AcABkAGYADwAaAAwATQBhAGMAaQBuAHQAbwBzAGgAIABIAEQAEgBmVXNlcnMvanVzdGUvQ29tcGxleFN5c3RlbXMvQ29uZmVyZW5jZXMvMjAxNy9DQ1MyMDE3L0JpYmxpby9Eb2NzL0luZm9ybWF0aW9uVGhlb3J5L2VudHJvcHktMTktMDAyNzMucGRmABMAAS8AABUAAgAM//8AAIAG0hscHR5aJGNsYXNzbmFtZVgkY2xhc3Nlc11OU011dGFibGVEYXRhox0fIFZOU0RhdGFYTlNPYmplY3TSGxwiI1xOU0RpY3Rpb25hcnmiIiBfEA9OU0tleWVkQXJjaGl2ZXLRJidUcm9vdIABAAgAEQAaACMALQAyADcAQABGAE0AVQBgAGcAagBsAG4AcQBzAHUAdwCEAI4A5QDqAPIDKAMqAy8DOgNDA1EDVQNcA2UDagN3A3oDjAOPA5QAAAAAAAACAQAAAAAAAAAoAAAAAAAAAAAAAAAAAAADlg==},
	Bdsk-File-2 = {YnBsaXN0MDDUAQIDBAUGJCVYJHZlcnNpb25YJG9iamVjdHNZJGFyY2hpdmVyVCR0b3ASAAGGoKgHCBMUFRYaIVUkbnVsbNMJCgsMDxJXTlMua2V5c1pOUy5vYmplY3RzViRjbGFzc6INDoACgAOiEBGABIAFgAdccmVsYXRpdmVQYXRoWWFsaWFzRGF0YV8QVC4uLy4uLy4uL0NvbmZlcmVuY2VzLzIwMTcvQ0NTMjAxNy9CaWJsaW8vRG9jcy9JbmZvcm1hdGlvblRoZW9yeS9lbnRyb3B5LTE5LTAwMjczLnBkZtIXCxgZV05TLmRhdGFPEQIyAAAAAAIyAAIAAAxNYWNpbnRvc2ggSEQAAAAAAAAAAAAAAAAAAADVLXURSCsAAAAaK4kUZW50cm9weS0xOS0wMDI3My5wZGYAAAAAAAAAAAAAAAAAAAAAAAAAAAAAAAAAAAAAAAAAAAAAAAAAAAAAAAAAABoriNXowvsAAAAAAAAAAAADAAcAAAkgAAAAAAAAAAAAAAAAAAAAEUluZm9ybWF0aW9uVGhlb3J5AAAQAAgAANUtWPEAAAARAAgAANXoptsAAAABACQAGiuJABnvAwAZ7wEAGe7+ABnu/QAZ7vwACr3pAAmpOAAGadwAAgB8TWFjaW50b3NoIEhEOlVzZXJzOgBqdXN0ZToAQ29tcGxleFN5c3RlbXM6AENvbmZlcmVuY2VzOgAyMDE3OgBDQ1MyMDE3OgBCaWJsaW86AERvY3M6AEluZm9ybWF0aW9uVGhlb3J5OgBlbnRyb3B5LTE5LTAwMjczLnBkZgAOACoAFABlAG4AdAByAG8AcAB5AC0AMQA5AC0AMAAwADIANwAzAC4AcABkAGYADwAaAAwATQBhAGMAaQBuAHQAbwBzAGgAIABIAEQAEgBmVXNlcnMvanVzdGUvQ29tcGxleFN5c3RlbXMvQ29uZmVyZW5jZXMvMjAxNy9DQ1MyMDE3L0JpYmxpby9Eb2NzL0luZm9ybWF0aW9uVGhlb3J5L2VudHJvcHktMTktMDAyNzMucGRmABMAAS8AABUAAgAM//8AAIAG0hscHR5aJGNsYXNzbmFtZVgkY2xhc3Nlc11OU011dGFibGVEYXRhox0fIFZOU0RhdGFYTlNPYmplY3TSGxwiI1xOU0RpY3Rpb25hcnmiIiBfEA9OU0tleWVkQXJjaGl2ZXLRJidUcm9vdIABAAgAEQAaACMALQAyADcAQABGAE0AVQBgAGcAagBsAG4AcQBzAHUAdwCEAI4A5QDqAPIDKAMqAy8DOgNDA1EDVQNcA2UDagN3A3oDjAOPA5QAAAAAAAACAQAAAAAAAAAoAAAAAAAAAAAAAAAAAAADlg==}}


@article{pumain2005cumulativite,
	Author = {Pumain, Denise},
	Date-Added = {2015-11-26 13:54:46 +0000},
	Date-Modified = {2015-11-26 13:54:46 +0000},
	Journal = {Revue europ{\'e}enne des sciences sociales. European Journal of Social Sciences},
	Number = {XLIII-131},
	Pages = {5--12},
	Publisher = {Librairie Droz},
	Title = {Cumulativit{\'e} des connaissances},
	Year = {2005},
	Bdsk-File-1 = {YnBsaXN0MDDUAQIDBAUGJCVYJHZlcnNpb25YJG9iamVjdHNZJGFyY2hpdmVyVCR0b3ASAAGGoKgHCBMUFRYaIVUkbnVsbNMJCgsMDxJXTlMua2V5c1pOUy5vYmplY3RzViRjbGFzc6INDoACgAOiEBGABIAFgAdccmVsYXRpdmVQYXRoWWFsaWFzRGF0YV8QRS4uL0RvY3MvR2VuZXJhbC9yZXNzLTM1Ny14bGlpaS0xMzEtY3VtdWxhdGl2aXRlLWRlcy1jb25uYWlzc2FuY2VzLnBkZtIXCxgZV05TLmRhdGFPEQJ4AAAAAAJ4AAIAAAxNYWNpbnRvc2ggSEQAAAAAAAAAAAAAAAAAAADKQVpsSCsAAAIxd+kfcmVzcy0zNTcteGxpaWktMTMxLSMzQjY2OTY0LnBkZgAAAAAAAAAAAAAAAAAAAAAAAAAAAAAAAAAAAAAAAAAAA7ZpZNJ9MBwAAAAAAAAAAAABAAMAAAkgAAAAAAAAAAAAAAAAAAAAB0dlbmVyYWwAABAACAAAykDp7AAAABEACAAA0ny/nAAAAAEAIAIxd+kCMXfZAiH5GQIh+RAAkMIpAAUCFQAFAhQAAL7sAAIAeU1hY2ludG9zaCBIRDpVc2VyczoASnVzdGU6AERvY3VtZW50czoAQ29tcGxleFN5c3RlbXM6AENpdHlOZXR3b3JrOgBCaWJsaW86AERvY3M6AEdlbmVyYWw6AHJlc3MtMzU3LXhsaWlpLTEzMS0jM0I2Njk2NC5wZGYAAA4AbAA1AHIAZQBzAHMALQAzADUANwAtAHgAbABpAGkAaQAtADEAMwAxAC0AYwB1AG0AdQBsAGEAdABpAHYAaQB0AGUALQBkAGUAcwAtAGMAbwBuAG4AYQBpAHMAcwBhAG4AYwBlAHMALgBwAGQAZgAPABoADABNAGEAYwBpAG4AdABvAHMAaAAgAEgARAASAHpVc2Vycy9KdXN0ZS9Eb2N1bWVudHMvQ29tcGxleFN5c3RlbXMvQ2l0eU5ldHdvcmsvQmlibGlvL0RvY3MvR2VuZXJhbC9yZXNzLTM1Ny14bGlpaS0xMzEtY3VtdWxhdGl2aXRlLWRlcy1jb25uYWlzc2FuY2VzLnBkZgATAAEvAAAVAAIADP//AACABtIbHB0eWiRjbGFzc25hbWVYJGNsYXNzZXNdTlNNdXRhYmxlRGF0YaMdHyBWTlNEYXRhWE5TT2JqZWN00hscIiNcTlNEaWN0aW9uYXJ5oiIgXxAPTlNLZXllZEFyY2hpdmVy0SYnVHJvb3SAAQAIABEAGgAjAC0AMgA3AEAARgBNAFUAYABnAGoAbABuAHEAcwB1AHcAhACOANYA2wDjA18DYQNmA3EDegOIA4wDkwOcA6EDrgOxA8MDxgPLAAAAAAAAAgEAAAAAAAAAKAAAAAAAAAAAAAAAAAAAA80=}}




@book{hofstadter1980godel,
  title={G{\"o}del, escher, bach},
  author={Hofstadter, Douglas R},
  year={1980},
  publisher={Vintage Books New York}
}


@article{crosato2017informative,
	Author = {Crosato, Emanuele and Jiang, Li and Lecheval, Valentin and Lizier, Joseph T and Wang, X Rosalind and Tichit, Pierre and Theraulaz, Guy and Prokopenko, Mikhail},
	Date-Added = {2017-07-01 03:04:37 +0000},
	Date-Modified = {2017-07-01 03:04:37 +0000},
	Journal = {arXiv preprint arXiv:1705.01213},
	Title = {Informative and misinformative interactions in a school of fish},
	Year = {2017},
	Bdsk-File-1 = {YnBsaXN0MDDUAQIDBAUGJCVYJHZlcnNpb25YJG9iamVjdHNZJGFyY2hpdmVyVCR0b3ASAAGGoKgHCBMUFRYaIVUkbnVsbNMJCgsMDxJXTlMua2V5c1pOUy5vYmplY3RzViRjbGFzc6INDoACgAOiEBGABIAFgAdccmVsYXRpdmVQYXRoWWFsaWFzRGF0YV8QHi4uL0RvY3MvQmlvbG9neS8xNzA1LjAxMjEzLnBkZtIXCxgZV05TLmRhdGFPEQHyAAAAAAHyAAIAAAxNYWNpbnRvc2ggSEQAAAAAAAAAAAAAAAAAAADKQVpsSCsAAARbSaIOMTcwNS4wMTIxMy5wZGYAAAAAAAAAAAAAAAAAAAAAAAAAAAAAAAAAAAAAAAAAAAAAAAAAAAAAAAAAAAAAAAAABJWRWtV9MkoAAAAAAAAAAAABAAMAAAkgAAAAAAAAAAAAAAAAAAAAB0Jpb2xvZ3kAABAACAAAykDp7AAAABEACAAA1XzBygAAAAEAIARbSaICMXfZAiH5GQIh+RAAkMIpAAUCFQAFAhQAAL7sAAIAaE1hY2ludG9zaCBIRDpVc2VyczoASnVzdGU6AERvY3VtZW50czoAQ29tcGxleFN5c3RlbXM6AENpdHlOZXR3b3JrOgBCaWJsaW86AERvY3M6AEJpb2xvZ3k6ADE3MDUuMDEyMTMucGRmAA4AHgAOADEANwAwADUALgAwADEAMgAxADMALgBwAGQAZgAPABoADABNAGEAYwBpAG4AdABvAHMAaAAgAEgARAASAFNVc2Vycy9KdXN0ZS9Eb2N1bWVudHMvQ29tcGxleFN5c3RlbXMvQ2l0eU5ldHdvcmsvQmlibGlvL0RvY3MvQmlvbG9neS8xNzA1LjAxMjEzLnBkZgAAEwABLwAAFQACAAz//wAAgAbSGxwdHlokY2xhc3NuYW1lWCRjbGFzc2VzXU5TTXV0YWJsZURhdGGjHR8gVk5TRGF0YVhOU09iamVjdNIbHCIjXE5TRGljdGlvbmFyeaIiIF8QD05TS2V5ZWRBcmNoaXZlctEmJ1Ryb290gAEACAARABoAIwAtADIANwBAAEYATQBVAGAAZwBqAGwAbgBxAHMAdQB3AIQAjgCvALQAvAKyArQCuQLEAs0C2wLfAuYC7wL0AwEDBAMWAxkDHgAAAAAAAAIBAAAAAAAAACgAAAAAAAAAAAAAAAAAAAMg}}


@book{mainzer2013local,
	Author = {Mainzer, Klaus and Chua, Leon O},
	Date-Added = {2017-07-01 08:18:47 +0000},
	Date-Modified = {2017-07-01 08:18:47 +0000},
	Publisher = {World Scientific},
	Title = {Local activity principle},
	Year = {2013}}




@article{reid2016decision,
	Author = {Reid, Chris R and MacDonald, Hannelore and Mann, Richard P and Marshall, James AR and Latty, Tanya and Garnier, Simon},
	Date-Added = {2016-08-09 08:59:33 +0000},
	Date-Modified = {2016-08-09 08:59:33 +0000},
	Journal = {Journal of The Royal Society Interface},
	Number = {119},
	Pages = {20160030},
	Publisher = {The Royal Society},
	Title = {Decision-making without a brain: how an amoeboid organism solves the two-armed bandit},
	Volume = {13},
	Year = {2016},
	Bdsk-File-1 = {YnBsaXN0MDDUAQIDBAUGJCVYJHZlcnNpb25YJG9iamVjdHNZJGFyY2hpdmVyVCR0b3ASAAGGoKgHCBMUFRYaIVUkbnVsbNMJCgsMDxJXTlMua2V5c1pOUy5vYmplY3RzViRjbGFzc6INDoACgAOiEBGABIAFgAdccmVsYXRpdmVQYXRoWWFsaWFzRGF0YV8QOC4uL0RvY3MvQmlvbG9neS9QaHlzYXJ1bURlY2lzaW9uTWFraW5nXzIwMTYwMDMwLmZ1bGwucGRm0hcLGBlXTlMuZGF0YU8RAlIAAAAAAlIAAgAADE1hY2ludG9zaCBIRAAAAAAAAAAAAAAAAAAAAMpBWmxIKwAABFtJoh9QaHlzYXJ1bURlY2lzaW9uTWFrIzQ1QjQ5OUUucGRmAAAAAAAAAAAAAAAAAAAAAAAAAAAAAAAAAAAAAAAAAAAEW0me08+8LwAAAAAAAAAAAAEAAwAACSAAAAAAAAAAAAAAAAAAAAAHQmlvbG9neQAAEAAIAADKQOnsAAAAEQAIAADTz0uvAAAAAQAgBFtJogIxd9kCIfkZAiH5EACQwikABQIVAAUCFAAAvuwAAgB5TWFjaW50b3NoIEhEOlVzZXJzOgBKdXN0ZToARG9jdW1lbnRzOgBDb21wbGV4U3lzdGVtczoAQ2l0eU5ldHdvcms6AEJpYmxpbzoARG9jczoAQmlvbG9neToAUGh5c2FydW1EZWNpc2lvbk1hayM0NUI0OTlFLnBkZgAADgBSACgAUABoAHkAcwBhAHIAdQBtAEQAZQBjAGkAcwBpAG8AbgBNAGEAawBpAG4AZwBfADIAMAAxADYAMAAwADMAMAAuAGYAdQBsAGwALgBwAGQAZgAPABoADABNAGEAYwBpAG4AdABvAHMAaAAgAEgARAASAG1Vc2Vycy9KdXN0ZS9Eb2N1bWVudHMvQ29tcGxleFN5c3RlbXMvQ2l0eU5ldHdvcmsvQmlibGlvL0RvY3MvQmlvbG9neS9QaHlzYXJ1bURlY2lzaW9uTWFraW5nXzIwMTYwMDMwLmZ1bGwucGRmAAATAAEvAAAVAAIADP//AACABtIbHB0eWiRjbGFzc25hbWVYJGNsYXNzZXNdTlNNdXRhYmxlRGF0YaMdHyBWTlNEYXRhWE5TT2JqZWN00hscIiNcTlNEaWN0aW9uYXJ5oiIgXxAPTlNLZXllZEFyY2hpdmVy0SYnVHJvb3SAAQAIABEAGgAjAC0AMgA3AEAARgBNAFUAYABnAGoAbABuAHEAcwB1AHcAhACOAMkAzgDWAywDLgMzAz4DRwNVA1kDYANpA24DewN+A5ADkwOYAAAAAAAAAgEAAAAAAAAAKAAAAAAAAAAAAAAAAAAAA5o=}}



@article{cottet2017observing,
	Author = {Cottet, Nathana{\"e}l and Jezouin, Sebastien and Bretheau, Landry and Campagne-Ibarcq, Philippe and Ficheux, Quentin and Anders, Janet and Auff{\`e}ves, Alexia and Azouit, R{\'e}mi and Rouchon, Pierre and Huard, Benjamin},
	Journal = {Proceedings of the National Academy of Sciences},
	Number = {29},
	Pages = {7561--7564},
	Publisher = {National Acad Sciences},
	Title = {Observing a quantum Maxwell demon at work},
	Volume = {114},
	Year = {2017}}




@article{2017arXiv170404231E,
	Adsnote = {Provided by the SAO/NASA Astrophysics Data System},
	Adsurl = {http://adsabs.harvard.edu/abs/2017arXiv170404231E},
	Archiveprefix = {arXiv},
	Author = {{Elliott}, T.~J. and {Gu}, M.},
	Date-Added = {2017-09-19 19:02:45 +0000},
	Date-Modified = {2017-09-19 19:02:45 +0000},
	Eprint = {1704.04231},
	Journal = {ArXiv e-prints},
	Keywords = {Quantum Physics, Condensed Matter - Statistical Mechanics},
	Month = apr,
	Primaryclass = {quant-ph},
	Title = {{Occam's Vorpal Quantum Razor: Memory Reduction When Simulating Continuous-Time Stochastic Processes With Quantum Devices}},
	Year = 2017,
	Bdsk-File-1 = {YnBsaXN0MDDUAQIDBAUGJCVYJHZlcnNpb25YJG9iamVjdHNZJGFyY2hpdmVyVCR0b3ASAAGGoKgHCBMUFRYaIVUkbnVsbNMJCgsMDxJXTlMua2V5c1pOUy5vYmplY3RzViRjbGFzc6INDoACgAOiEBGABIAFgAdccmVsYXRpdmVQYXRoWWFsaWFzRGF0YV8QSC4uLy4uLy4uL0NvbmZlcmVuY2VzLzIwMTcvQ0NTMjAxNy9CaWJsaW8vRG9jcy9Db21wdXRhdGlvbi8xNzA0LjA0MjMxLnBkZtIXCxgZV05TLmRhdGFPEQIIAAAAAAIIAAIAAAxNYWNpbnRvc2ggSEQAAAAAAAAAAAAAAAAAAADVLXURSCsAAAAZ8IYOMTcwNC4wNDIzMS5wZGYAAAAAAAAAAAAAAAAAAAAAAAAAAAAAAAAAAAAAAAAAAAAAAAAAAAAAAAAAAAAAAAAAABnxP9XmJSsAAAAAAAAAAAADAAcAAAkgAAAAAAAAAAAAAAAAAAAAC0NvbXB1dGF0aW9uAAAQAAgAANUtWPEAAAARAAgAANXmCQsAAAABACQAGfCGABnvAwAZ7wEAGe7+ABnu/QAZ7vwACr3pAAmpOAAGadwAAgBwTWFjaW50b3NoIEhEOlVzZXJzOgBqdXN0ZToAQ29tcGxleFN5c3RlbXM6AENvbmZlcmVuY2VzOgAyMDE3OgBDQ1MyMDE3OgBCaWJsaW86AERvY3M6AENvbXB1dGF0aW9uOgAxNzA0LjA0MjMxLnBkZgAOAB4ADgAxADcAMAA0AC4AMAA0ADIAMwAxAC4AcABkAGYADwAaAAwATQBhAGMAaQBuAHQAbwBzAGgAIABIAEQAEgBaVXNlcnMvanVzdGUvQ29tcGxleFN5c3RlbXMvQ29uZmVyZW5jZXMvMjAxNy9DQ1MyMDE3L0JpYmxpby9Eb2NzL0NvbXB1dGF0aW9uLzE3MDQuMDQyMzEucGRmABMAAS8AABUAAgAM//8AAIAG0hscHR5aJGNsYXNzbmFtZVgkY2xhc3Nlc11OU011dGFibGVEYXRhox0fIFZOU0RhdGFYTlNPYmplY3TSGxwiI1xOU0RpY3Rpb25hcnmiIiBfEA9OU0tleWVkQXJjaGl2ZXLRJidUcm9vdIABAAgAEQAaACMALQAyADcAQABGAE0AVQBgAGcAagBsAG4AcQBzAHUAdwCEAI4A2QDeAOYC8gL0AvkDBAMNAxsDHwMmAy8DNANBA0QDVgNZA14AAAAAAAACAQAAAAAAAAAoAAAAAAAAAAAAAAAAAAADYA==}}




@article{beer2004autopoiesis,
	Author = {Beer, Randall D},
	Date-Added = {2017-12-06 08:48:52 +0000},
	Date-Modified = {2017-12-06 08:48:52 +0000},
	Journal = {Artificial Life},
	Number = {3},
	Pages = {309--326},
	Publisher = {MIT Press},
	Title = {Autopoiesis and cognition in the game of life},
	Volume = {10},
	Year = {2004},
	Bdsk-File-1 = {YnBsaXN0MDDUAQIDBAUGJCVYJHZlcnNpb25YJG9iamVjdHNZJGFyY2hpdmVyVCR0b3ASAAGGoKgHCBMUFRYaIVUkbnVsbNMJCgsMDxJXTlMua2V5c1pOUy5vYmplY3RzViRjbGFzc6INDoACgAOiEBGABIAFgAdccmVsYXRpdmVQYXRoWWFsaWFzRGF0YV8QIy4uL0RvY3MvQXJ0aWZpY2lhbExpZmUvYmVlcjIwMDQucGRm0hcLGBlXTlMuZGF0YU8RAeQAAAAAAeQAAgAADE1hY2ludG9zaCBIRAAAAAAAAAAAAAAAAAAAANUtdRFIKwAAADEqPAxiZWVyMjAwNC5wZGYAAAAAAAAAAAAAAAAAAAAAAAAAAAAAAAAAAAAAAAAAAAAAAAAAAAAAAAAAAAAAAAAAAAAAMSoz1k1tVgAAAAAAAAAAAAEAAwAACSAAAAAAAAAAAAAAAAAAAAAOQXJ0aWZpY2lhbExpZmUAEAAIAADVLVjxAAAAEQAIAADWTV9GAAAAAQAcADEqPAAZFYcACs2CAArLZAAKvekACak4AAZp3AACAGJNYWNpbnRvc2ggSEQ6VXNlcnM6AGp1c3RlOgBDb21wbGV4U3lzdGVtczoAQ2l0eU5ldHdvcms6AEJpYmxpbzoARG9jczoAQXJ0aWZpY2lhbExpZmU6AGJlZXIyMDA0LnBkZgAOABoADABiAGUAZQByADIAMAAwADQALgBwAGQAZgAPABoADABNAGEAYwBpAG4AdABvAHMAaAAgAEgARAASAE5Vc2Vycy9qdXN0ZS9Db21wbGV4U3lzdGVtcy9DaXR5TmV0d29yay9CaWJsaW8vRG9jcy9BcnRpZmljaWFsTGlmZS9iZWVyMjAwNC5wZGYAEwABLwAAFQACAAz//wAAgAbSGxwdHlokY2xhc3NuYW1lWCRjbGFzc2VzXU5TTXV0YWJsZURhdGGjHR8gVk5TRGF0YVhOU09iamVjdNIbHCIjXE5TRGljdGlvbmFyeaIiIF8QD05TS2V5ZWRBcmNoaXZlctEmJ1Ryb290gAEACAARABoAIwAtADIANwBAAEYATQBVAGAAZwBqAGwAbgBxAHMAdQB3AIQAjgC0ALkAwQKpAqsCsAK7AsQC0gLWAt0C5gLrAvgC+wMNAxADFQAAAAAAAAIBAAAAAAAAACgAAAAAAAAAAAAAAAAAAAMX}}





@inproceedings{tovsic2017boolean,
	Author = {To{\v{s}}i{\'c}, Predrag T and Ordonez, Carlos},
	Booktitle = {International Conference on Industrial Applications of Holonic and Multi-Agent Systems},
	Date-Added = {2017-09-19 18:52:33 +0000},
	Date-Modified = {2017-09-19 18:52:33 +0000},
	Organization = {Springer},
	Pages = {95--110},
	Title = {Boolean Network Models of Collective Dynamics of Open and Closed Large-Scale Multi-agent Systems},
	Year = {2017},
	Bdsk-File-1 = {YnBsaXN0MDDUAQIDBAUGJCVYJHZlcnNpb25YJG9iamVjdHNZJGFyY2hpdmVyVCR0b3ASAAGGoKgHCBMUFRYaIVUkbnVsbNMJCgsMDxJXTlMua2V5c1pOUy5vYmplY3RzViRjbGFzc6INDoACgAOiEBGABIAFgAdccmVsYXRpdmVQYXRoWWFsaWFzRGF0YV8QVy4uLy4uLy4uL0NvbmZlcmVuY2VzLzIwMTcvQ0NTMjAxNy9CaWJsaW8vRG9jcy9Db21wbGV4aXR5LzEwLjEwMDdAOTc4LTMtMzE5LTY0NjM1LTA4LnBkZtIXCxgZV05TLmRhdGFPEQJGAAAAAAJGAAIAAAxNYWNpbnRvc2ggSEQAAAAAAAAAAAAAAAAAAADVLXURSCsAAAAaArseMTAuMTAwN0A5NzgtMy0zMTktNjQ2MzUtMDgucGRmAAAAAAAAAAAAAAAAAAAAAAAAAAAAAAAAAAAAAAAAAAAAABoE+9XnMyYAAAAAAAAAAAADAAcAAAkgAAAAAAAAAAAAAAAAAAAACkNvbXBsZXhpdHkAEAAIAADVLVjxAAAAEQAIAADV5xcGAAAAAQAkABoCuwAZ7wMAGe8BABnu/gAZ7v0AGe78AAq96QAJqTgABmncAAIAf01hY2ludG9zaCBIRDpVc2VyczoAanVzdGU6AENvbXBsZXhTeXN0ZW1zOgBDb25mZXJlbmNlczoAMjAxNzoAQ0NTMjAxNzoAQmlibGlvOgBEb2NzOgBDb21wbGV4aXR5OgAxMC4xMDA3QDk3OC0zLTMxOS02NDYzNS0wOC5wZGYAAA4APgAeADEAMAAuADEAMAAwADcAQAA5ADcAOAAtADMALQAzADEAOQAtADYANAA2ADMANQAtADAAOAAuAHAAZABmAA8AGgAMAE0AYQBjAGkAbgB0AG8AcwBoACAASABEABIAaVVzZXJzL2p1c3RlL0NvbXBsZXhTeXN0ZW1zL0NvbmZlcmVuY2VzLzIwMTcvQ0NTMjAxNy9CaWJsaW8vRG9jcy9Db21wbGV4aXR5LzEwLjEwMDdAOTc4LTMtMzE5LTY0NjM1LTA4LnBkZgAAEwABLwAAFQACAAz//wAAgAbSGxwdHlokY2xhc3NuYW1lWCRjbGFzc2VzXU5TTXV0YWJsZURhdGGjHR8gVk5TRGF0YVhOU09iamVjdNIbHCIjXE5TRGljdGlvbmFyeaIiIF8QD05TS2V5ZWRBcmNoaXZlctEmJ1Ryb290gAEACAARABoAIwAtADIANwBAAEYATQBVAGAAZwBqAGwAbgBxAHMAdQB3AIQAjgDoAO0A9QM/A0EDRgNRA1oDaANsA3MDfAOBA44DkQOjA6YDqwAAAAAAAAIBAAAAAAAAACgAAAAAAAAAAAAAAAAAAAOt}}




@article{turing1952chemical,
	Author = {Turing, Alan Mathison},
	Date-Added = {2016-02-10 21:45:35 +0000},
	Date-Modified = {2016-02-10 21:45:35 +0000},
	Journal = {Philosophical Transactions of the Royal Society of London B: Biological Sciences},
	Number = {641},
	Pages = {37--72},
	Publisher = {The Royal Society},
	Title = {The chemical basis of morphogenesis},
	Volume = {237},
	Year = {1952},
	Bdsk-File-1 = {YnBsaXN0MDDUAQIDBAUGJCVYJHZlcnNpb25YJG9iamVjdHNZJGFyY2hpdmVyVCR0b3ASAAGGoKgHCBMUFRYaIVUkbnVsbNMJCgsMDxJXTlMua2V5c1pOUy5vYmplY3RzViRjbGFzc6INDoACgAOiEBGABIAFgAdccmVsYXRpdmVQYXRoWWFsaWFzRGF0YV8QJS4uL0RvY3MvVXJiYW5Nb3JwaG9nZW5lc2lzL3R1cmluZy5wZGbSFwsYGVdOUy5kYXRhTxECAgAAAAACAgACAAAMTWFjaW50b3NoIEhEAAAAAAAAAAAAAAAAAAAAykFabEgrAAACMXgyCnR1cmluZy5wZGYAAAAAAAAAAAAAAAAAAAAAAAAAAAAAAAAAAAAAAAAAAAAAAAAAAAAAAAAAAAAAAAAAAAAAAAQSiw7S4dBgAAAAAAAAAAAAAQADAAAJIAAAAAAAAAAAAAAAAAAAABJVcmJhbk1vcnBob2dlbmVzaXMAEAAIAADKQOnsAAAAEQAIAADS4V/gAAAAAQAgAjF4MgIxd9kCIfkZAiH5EACQwikABQIVAAUCFAAAvuwAAgBvTWFjaW50b3NoIEhEOlVzZXJzOgBKdXN0ZToARG9jdW1lbnRzOgBDb21wbGV4U3lzdGVtczoAQ2l0eU5ldHdvcms6AEJpYmxpbzoARG9jczoAVXJiYW5Nb3JwaG9nZW5lc2lzOgB0dXJpbmcucGRmAAAOABYACgB0AHUAcgBpAG4AZwAuAHAAZABmAA8AGgAMAE0AYQBjAGkAbgB0AG8AcwBoACAASABEABIAWlVzZXJzL0p1c3RlL0RvY3VtZW50cy9Db21wbGV4U3lzdGVtcy9DaXR5TmV0d29yay9CaWJsaW8vRG9jcy9VcmJhbk1vcnBob2dlbmVzaXMvdHVyaW5nLnBkZgATAAEvAAAVAAIADP//AACABtIbHB0eWiRjbGFzc25hbWVYJGNsYXNzZXNdTlNNdXRhYmxlRGF0YaMdHyBWTlNEYXRhWE5TT2JqZWN00hscIiNcTlNEaWN0aW9uYXJ5oiIgXxAPTlNLZXllZEFyY2hpdmVy0SYnVHJvb3SAAQAIABEAGgAjAC0AMgA3AEAARgBNAFUAYABnAGoAbABuAHEAcwB1AHcAhACOALYAuwDDAskCywLQAtsC5ALyAvYC/QMGAwsDGAMbAy0DMAM1AAAAAAAAAgEAAAAAAAAAKAAAAAAAAAAAAAAAAAAAAzc=}}



@article{Pintea2017,
	Abstract = {A well known                                                                           {\$}{\$}{\backslash}mathcal{\{}NP{\}}{\$}{\$}                                                            NP                                                      -hard problem called the generalized traveling salesman problem (GTSP) is considered. In GTSP the nodes of a complete undirected graph are partitioned into clusters. The objective is to find a minimum cost tour passing through exactly one node from each cluster. An exact exponential time algorithm and an effective meta-heuristic algorithm for the problem are presented. The meta-heuristic proposed is a modified Ant Colony System (ACS) algorithm called reinforcing Ant Colony System which introduces new correction rules in the ACS algorithm. Computational results are reported for many standard test problems. The proposed algorithm is competitive with the other already proposed heuristics for the GTSP in both solution quality and computational time.},
	Author = {Pintea, Camelia-M. and Pop, Petric{\u{a}} C. and Chira, Camelia},
	Date-Added = {2017-08-08 01:46:16 +0000},
	Date-Modified = {2017-08-08 01:46:16 +0000},
	Day = {07},
	Doi = {10.1186/s40294-017-0048-9},
	Issn = {2194-3206},
	Journal = {Complex Adaptive Systems Modeling},
	Month = {Aug},
	Number = {1},
	Pages = {8},
	Title = {The generalized traveling salesman problem solved with ant algorithms},
	Url = {https://doi.org/10.1186/s40294-017-0048-9},
	Volume = {5},
	Year = {2017},
	Bdsk-File-1 = {YnBsaXN0MDDUAQIDBAUGJCVYJHZlcnNpb25YJG9iamVjdHNZJGFyY2hpdmVyVCR0b3ASAAGGoKgHCBMUFRYaIVUkbnVsbNMJCgsMDxJXTlMua2V5c1pOUy5vYmplY3RzViRjbGFzc6INDoACgAOiEBGABIAFgAdccmVsYXRpdmVQYXRoWWFsaWFzRGF0YV8QLS4uL0RvY3MvQ29tcHV0ZXJTY2llbmNlL3M0MDI5NC0wMTctMDA0OC05LnBkZtIXCxgZV05TLmRhdGFPEQImAAAAAAImAAIAAAxNYWNpbnRvc2ggSEQAAAAAAAAAAAAAAAAAAADKQVpsSCsAAASfIfsVczQwMjk0LTAxNy0wMDQ4LTkucGRmAAAAAAAAAAAAAAAAAAAAAAAAAAAAAAAAAAAAAAAAAAAAAAAAAAAAAAAABJ8iA9WvODsAAAAAAAAAAAABAAMAAAkgAAAAAAAAAAAAAAAAAAAAD0NvbXB1dGVyU2NpZW5jZQAAEAAIAADKQOnsAAAAEQAIAADVrse7AAAAAQAgBJ8h+wIxd9kCIfkZAiH5EACQwikABQIVAAUCFAAAvuwAAgB3TWFjaW50b3NoIEhEOlVzZXJzOgBKdXN0ZToARG9jdW1lbnRzOgBDb21wbGV4U3lzdGVtczoAQ2l0eU5ldHdvcms6AEJpYmxpbzoARG9jczoAQ29tcHV0ZXJTY2llbmNlOgBzNDAyOTQtMDE3LTAwNDgtOS5wZGYAAA4ALAAVAHMANAAwADIAOQA0AC0AMAAxADcALQAwADAANAA4AC0AOQAuAHAAZABmAA8AGgAMAE0AYQBjAGkAbgB0AG8AcwBoACAASABEABIAYlVzZXJzL0p1c3RlL0RvY3VtZW50cy9Db21wbGV4U3lzdGVtcy9DaXR5TmV0d29yay9CaWJsaW8vRG9jcy9Db21wdXRlclNjaWVuY2UvczQwMjk0LTAxNy0wMDQ4LTkucGRmABMAAS8AABUAAgAM//8AAIAG0hscHR5aJGNsYXNzbmFtZVgkY2xhc3Nlc11OU011dGFibGVEYXRhox0fIFZOU0RhdGFYTlNPYmplY3TSGxwiI1xOU0RpY3Rpb25hcnmiIiBfEA9OU0tleWVkQXJjaGl2ZXLRJidUcm9vdIABAAgAEQAaACMALQAyADcAQABGAE0AVQBgAGcAagBsAG4AcQBzAHUAdwCEAI4AvgDDAMsC9QL3AvwDBwMQAx4DIgMpAzIDNwNEA0cDWQNcA2EAAAAAAAACAQAAAAAAAAAoAAAAAAAAAAAAAAAAAAADYw==},
	Bdsk-Url-1 = {https://doi.org/10.1186/s40294-017-0048-9},
	Bdsk-Url-2 = {http://dx.doi.org/10.1186/s40294-017-0048-9}}



@book{moore2011nature,
	Author = {Moore, Cristopher and Mertens, Stephan},
	Date-Added = {2017-07-01 03:36:46 +0000},
	Date-Modified = {2017-07-01 03:36:46 +0000},
	Publisher = {Oxford University Press},
	Title = {The nature of computation},
	Year = {2011}}




@article{2016arXiv161102269V,
	Author = {Verlinde, Erik},
	Journal = {SciPost Physics},
	Number = {3},
	Pages = {016},
	Title = {Emergent gravity and the dark universe},
	Volume = {2},
	Year = {2017}}




@inproceedings{vattay2015quantum,
	Author = {Vattay, G{\'a}bor and Salahub, Dennis and Csabai, Istv{\'a}n and Nassimi, Ali and Kaufmann, Stuart A},
	Booktitle = {Journal of Physics: Conference Series},
	Number = {1},
	Organization = {IOP Publishing},
	Pages = {012023},
	Title = {Quantum criticality at the origin of life},
	Volume = {626},
	Year = {2015}}



@article{2014arXiv1403.7686B,
	Adsnote = {Provided by the SAO/NASA Astrophysics Data System},
	Adsurl = {http://adsabs.harvard.edu/abs/2014arXiv1403.7686B},
	Archiveprefix = {arXiv},
	Author = {{Bolotin}, A.},
	Date-Added = {2015-09-21 10:52:44 +0000},
	Date-Modified = {2015-09-21 10:52:44 +0000},
	Eprint = {1403.7686},
	Journal = {arXiv preprint arXiv:1403.7686},
	Keywords = {Quantum Physics},
	Month = mar,
	Primaryclass = {quant-ph},
	Title = {{Computational solution to quantum foundational problems}},
	Year = 2014,
	Bdsk-File-1 = {YnBsaXN0MDDUAQIDBAUGJCVYJHZlcnNpb25YJG9iamVjdHNZJGFyY2hpdmVyVCR0b3ASAAGGoKgHCBMUFRYaIVUkbnVsbNMJCgsMDxJXTlMua2V5c1pOUy5vYmplY3RzViRjbGFzc6INDoACgAOiEBGABIAFgAdccmVsYXRpdmVQYXRoWWFsaWFzRGF0YV8QPS4uL0RvY3MvRXBpc3RlbW9sb2d5L1F1YW50dW1NZWFzdXJtZW50UHJvYmxlbV8xNDAzLjc2ODZ2Ni5wZGbSFwsYGVdOUy5kYXRhTxECXgAAAAACXgACAAAMTWFjaW50b3NoIEhEAAAAAAAAAAAAAAAAAAAAykFabEgrAAACNCFXH1F1YW50dW1NZWFzdXJtZW50UHIjMzNCQjg0QS5wZGYAAAAAAAAAAAAAAAAAAAAAAAAAAAAAAAAAAAAAAAAAAAM7uErSJgH2AAAAAAAAAAAAAQADAAAJIAAAAAAAAAAAAAAAAAAAAAxFcGlzdGVtb2xvZ3kAEAAIAADKQOnsAAAAEQAIAADSJZF2AAAAAQAgAjQhVwIxd9kCIfkZAiH5EACQwikABQIVAAUCFAAAvuwAAgB+TWFjaW50b3NoIEhEOlVzZXJzOgBKdXN0ZToARG9jdW1lbnRzOgBDb21wbGV4U3lzdGVtczoAQ2l0eU5ldHdvcms6AEJpYmxpbzoARG9jczoARXBpc3RlbW9sb2d5OgBRdWFudHVtTWVhc3VybWVudFByIzMzQkI4NEEucGRmAA4AUgAoAFEAdQBhAG4AdAB1AG0ATQBlAGEAcwB1AHIAbQBlAG4AdABQAHIAbwBiAGwAZQBtAF8AMQA0ADAAMwAuADcANgA4ADYAdgA2AC4AcABkAGYADwAaAAwATQBhAGMAaQBuAHQAbwBzAGgAIABIAEQAEgByVXNlcnMvSnVzdGUvRG9jdW1lbnRzL0NvbXBsZXhTeXN0ZW1zL0NpdHlOZXR3b3JrL0JpYmxpby9Eb2NzL0VwaXN0ZW1vbG9neS9RdWFudHVtTWVhc3VybWVudFByb2JsZW1fMTQwMy43Njg2djYucGRmABMAAS8AABUAAgAM//8AAIAG0hscHR5aJGNsYXNzbmFtZVgkY2xhc3Nlc11OU011dGFibGVEYXRhox0fIFZOU0RhdGFYTlNPYmplY3TSGxwiI1xOU0RpY3Rpb25hcnmiIiBfEA9OU0tleWVkQXJjaGl2ZXLRJidUcm9vdIABAAgAEQAaACMALQAyADcAQABGAE0AVQBgAGcAagBsAG4AcQBzAHUAdwCEAI4AzgDTANsDPQM/A0QDTwNYA2YDagNxA3oDfwOMA48DoQOkA6kAAAAAAAACAQAAAAAAAAAoAAAAAAAAAAAAAAAAAAADqw==}}




@article{schlosshauer2005decoherence,
	Author = {Schlosshauer, Maximilian},
	Date-Added = {2017-12-07 09:30:13 +0000},
	Date-Modified = {2017-12-07 09:30:13 +0000},
	Journal = {Reviews of Modern physics},
	Number = {4},
	Pages = {1267},
	Publisher = {APS},
	Title = {Decoherence, the measurement problem, and interpretations of quantum mechanics},
	Volume = {76},
	Year = {2005},
	Bdsk-File-1 = {YnBsaXN0MDDUAQIDBAUGJCVYJHZlcnNpb25YJG9iamVjdHNZJGFyY2hpdmVyVCR0b3ASAAGGoKgHCBMUFRYaIVUkbnVsbNMJCgsMDxJXTlMua2V5c1pOUy5vYmplY3RzViRjbGFzc6INDoACgAOiEBGABIAFgAdccmVsYXRpdmVQYXRoWWFsaWFzRGF0YV8QIi4uL0RvY3MvUXVhbnR1bVBoeXNpY3MvMDMxMjA1OS5wZGbSFwsYGVdOUy5kYXRhTxEB4gAAAAAB4gACAAAMTWFjaW50b3NoIEhEAAAAAAAAAAAAAAAAAAAA1S11EUgrAAAAMV99CzAzMTIwNTkucGRmAAAAAAAAAAAAAAAAAAAAAAAAAAAAAAAAAAAAAAAAAAAAAAAAAAAAAAAAAAAAAAAAAAAAAAAxYvzWTsiLAAAAAAAAAAAAAQADAAAJIAAAAAAAAAAAAAAAAAAAAA5RdWFudHVtUGh5c2ljcwAQAAgAANUtWPEAAAARAAgAANZOunsAAAABABwAMV99ABkVhwAKzYIACstkAAq96QAJqTgABmncAAIAYU1hY2ludG9zaCBIRDpVc2VyczoAanVzdGU6AENvbXBsZXhTeXN0ZW1zOgBDaXR5TmV0d29yazoAQmlibGlvOgBEb2NzOgBRdWFudHVtUGh5c2ljczoAMDMxMjA1OS5wZGYAAA4AGAALADAAMwAxADIAMAA1ADkALgBwAGQAZgAPABoADABNAGEAYwBpAG4AdABvAHMAaAAgAEgARAASAE1Vc2Vycy9qdXN0ZS9Db21wbGV4U3lzdGVtcy9DaXR5TmV0d29yay9CaWJsaW8vRG9jcy9RdWFudHVtUGh5c2ljcy8wMzEyMDU5LnBkZgAAEwABLwAAFQACAAz//wAAgAbSGxwdHlokY2xhc3NuYW1lWCRjbGFzc2VzXU5TTXV0YWJsZURhdGGjHR8gVk5TRGF0YVhOU09iamVjdNIbHCIjXE5TRGljdGlvbmFyeaIiIF8QD05TS2V5ZWRBcmNoaXZlctEmJ1Ryb290gAEACAARABoAIwAtADIANwBAAEYATQBVAGAAZwBqAGwAbgBxAHMAdQB3AIQAjgCzALgAwAKmAqgCrQK4AsECzwLTAtoC4wLoAvUC+AMKAw0DEgAAAAAAAAIBAAAAAAAAACgAAAAAAAAAAAAAAAAAAAMU}}



@inproceedings{gell1996quantum,
	Author = {Gell-Mann, Murray and Hartle, James B},
	Booktitle = {Foundations Of Quantum Mechanics In The Light Of New Technology: Selected Papers from the Proceedings of the First through Fourth International Symposia on Foundations of Quantum Mechanics},
	Date-Added = {2017-12-07 09:28:59 +0000},
	Date-Modified = {2017-12-07 09:28:59 +0000},
	Organization = {World Scientific},
	Pages = {347--369},
	Title = {Quantum mechanics in the light of quantum cosmology},
	Year = {1996},
	Bdsk-File-1 = {YnBsaXN0MDDUAQIDBAUGJCVYJHZlcnNpb25YJG9iamVjdHNZJGFyY2hpdmVyVCR0b3ASAAGGoKgHCBMUFRYaIVUkbnVsbNMJCgsMDxJXTlMua2V5c1pOUy5vYmplY3RzViRjbGFzc6INDoACgAOiEBGABIAFgAdccmVsYXRpdmVQYXRoWWFsaWFzRGF0YV8QIS4uL0RvY3MvUXVhbnR1bVBoeXNpY3MvTUdNMTAyLnBkZtIXCxgZV05TLmRhdGFPEQHcAAAAAAHcAAIAAAxNYWNpbnRvc2ggSEQAAAAAAAAAAAAAAAAAAADVLXURSCsAAAAxX30KTUdNMTAyLnBkZgAAAAAAAAAAAAAAAAAAAAAAAAAAAAAAAAAAAAAAAAAAAAAAAAAAAAAAAAAAAAAAAAAAAAAAADFfetZOyDEAAAAAAAAAAAABAAMAAAkgAAAAAAAAAAAAAAAAAAAADlF1YW50dW1QaHlzaWNzABAACAAA1S1Y8QAAABEACAAA1k66IQAAAAEAHAAxX30AGRWHAArNggAKy2QACr3pAAmpOAAGadwAAgBgTWFjaW50b3NoIEhEOlVzZXJzOgBqdXN0ZToAQ29tcGxleFN5c3RlbXM6AENpdHlOZXR3b3JrOgBCaWJsaW86AERvY3M6AFF1YW50dW1QaHlzaWNzOgBNR00xMDIucGRmAA4AFgAKAE0ARwBNADEAMAAyAC4AcABkAGYADwAaAAwATQBhAGMAaQBuAHQAbwBzAGgAIABIAEQAEgBMVXNlcnMvanVzdGUvQ29tcGxleFN5c3RlbXMvQ2l0eU5ldHdvcmsvQmlibGlvL0RvY3MvUXVhbnR1bVBoeXNpY3MvTUdNMTAyLnBkZgATAAEvAAAVAAIADP//AACABtIbHB0eWiRjbGFzc25hbWVYJGNsYXNzZXNdTlNNdXRhYmxlRGF0YaMdHyBWTlNEYXRhWE5TT2JqZWN00hscIiNcTlNEaWN0aW9uYXJ5oiIgXxAPTlNLZXllZEFyY2hpdmVy0SYnVHJvb3SAAQAIABEAGgAjAC0AMgA3AEAARgBNAFUAYABnAGoAbABuAHEAcwB1AHcAhACOALIAtwC/Ap8CoQKmArECugLIAswC0wLcAuEC7gLxAwMDBgMLAAAAAAAAAgEAAAAAAAAAKAAAAAAAAAAAAAAAAAAAAw0=}}


@article{chu2008criteria,
	Author = {Chu, Dominique},
	Date-Added = {2017-10-16 12:59:22 +0000},
	Date-Modified = {2017-10-16 12:59:22 +0000},
	Journal = {Artificial Life},
	Number = {3},
	Pages = {313--323},
	Publisher = {MIT Press},
	Title = {Criteria for conceptual and operational notions of complexity},
	Volume = {14},
	Year = {2008},
	Bdsk-File-1 = {YnBsaXN0MDDUAQIDBAUGJCVYJHZlcnNpb25YJG9iamVjdHNZJGFyY2hpdmVyVCR0b3ASAAGGoKgHCBMUFRYaIVUkbnVsbNMJCgsMDxJXTlMua2V5c1pOUy5vYmplY3RzViRjbGFzc6INDoACgAOiEBGABIAFgAdccmVsYXRpdmVQYXRoWWFsaWFzRGF0YV8QHi4uL0RvY3MvQ29tcGxleGl0eS9jaHUyMDA4LnBkZtIXCxgZV05TLmRhdGFPEQHWAAAAAAHWAAIAAAxNYWNpbnRvc2ggSEQAAAAAAAAAAAAAAAAAAADVLXURSCsAAAAjO6cLY2h1MjAwOC5wZGYAAAAAAAAAAAAAAAAAAAAAAAAAAAAAAAAAAAAAAAAAAAAAAAAAAAAAAAAAAAAAAAAAAAAAACPGvNYKeZkAAAAAAAAAAAABAAMAAAkgAAAAAAAAAAAAAAAAAAAACkNvbXBsZXhpdHkAEAAIAADVLVjxAAAAEQAIAADWCl15AAAAAQAcACM7pwAZFYcACs2CAArLZAAKvekACak4AAZp3AACAF1NYWNpbnRvc2ggSEQ6VXNlcnM6AGp1c3RlOgBDb21wbGV4U3lzdGVtczoAQ2l0eU5ldHdvcms6AEJpYmxpbzoARG9jczoAQ29tcGxleGl0eToAY2h1MjAwOC5wZGYAAA4AGAALAGMAaAB1ADIAMAAwADgALgBwAGQAZgAPABoADABNAGEAYwBpAG4AdABvAHMAaAAgAEgARAASAElVc2Vycy9qdXN0ZS9Db21wbGV4U3lzdGVtcy9DaXR5TmV0d29yay9CaWJsaW8vRG9jcy9Db21wbGV4aXR5L2NodTIwMDgucGRmAAATAAEvAAAVAAIADP//AACABtIbHB0eWiRjbGFzc25hbWVYJGNsYXNzZXNdTlNNdXRhYmxlRGF0YaMdHyBWTlNEYXRhWE5TT2JqZWN00hscIiNcTlNEaWN0aW9uYXJ5oiIgXxAPTlNLZXllZEFyY2hpdmVy0SYnVHJvb3SAAQAIABEAGgAjAC0AMgA3AEAARgBNAFUAYABnAGoAbABuAHEAcwB1AHcAhACOAK8AtAC8ApYCmAKdAqgCsQK/AsMCygLTAtgC5QLoAvoC/QMCAAAAAAAAAgEAAAAAAAAAKAAAAAAAAAAAAAAAAAAAAwQ=}}


@article{febres2013complexity,
	Author = {Febres, Gerardo and Jaff{\'e}, Klaus and Gershenson, Carlos},
	Date-Added = {2017-06-29 12:51:29 +0000},
	Date-Modified = {2017-06-29 12:52:47 +0000},
	Journal = {arXiv preprint arXiv:1311.5427},
	Title = {Complexity measurement of natural and artificial languages},
	Year = {2013}}


@article{deffuant2015visions,
	Author = {Deffuant, Guillaume and Banos, Arnaud and Chavalarias, David and Bertelle, Cyrille and Brodu, Nicolas and Jensen, Pablo and Lesne, Annick and M{\"u}ller, Jean-Pierre and Perrier, {\'E}dith and Varenne, Franck},
	Date-Added = {2016-03-02 13:04:38 +0000},
	Date-Modified = {2016-03-02 13:04:38 +0000},
	Journal = {Natures Sciences Soci{\'e}t{\'e}s},
	Number = {1},
	Pages = {42--53},
	Publisher = {EDP Sciences},
	Title = {Visions de la complexit{\'e}. Le d{\'e}mon de Laplace dans tous ses {\'e}tats},
	Volume = {23},
	Year = {2015},
	Bdsk-File-1 = {YnBsaXN0MDDUAQIDBAUGJCVYJHZlcnNpb25YJG9iamVjdHNZJGFyY2hpdmVyVCR0b3ASAAGGoKgHCBMUFRYaIVUkbnVsbNMJCgsMDxJXTlMua2V5c1pOUy5vYmplY3RzViRjbGFzc6INDoACgAOiEBGABIAFgAdccmVsYXRpdmVQYXRoWWFsaWFzRGF0YV8QIC4uL0RvY3MvQ29tcGxleGl0eS9uc3MxNTAwMDcucGRm0hcLGBlXTlMuZGF0YU8RAd4AAAAAAd4AAgAADE1hY2ludG9zaCBIRAAAAAAAAAAAAAAAAAAAANUtdRFIKwAAACM7pw1uc3MxNTAwMDcucGRmAAAAAAAAAAAAAAAAAAAAAAAAAAAAAAAAAAAAAAAAAAAAAAAAAAAAAAAAAAAAAAAAAAAAKEt51iHfNgAAAAAAAAAAAAEAAwAACSAAAAAAAAAAAAAAAAAAAAAKQ29tcGxleGl0eQAQAAgAANUtWPEAAAARAAgAANYh0SYAAAABABwAIzunABkVhwAKzYIACstkAAq96QAJqTgABmncAAIAX01hY2ludG9zaCBIRDpVc2VyczoAanVzdGU6AENvbXBsZXhTeXN0ZW1zOgBDaXR5TmV0d29yazoAQmlibGlvOgBEb2NzOgBDb21wbGV4aXR5OgBuc3MxNTAwMDcucGRmAAAOABwADQBuAHMAcwAxADUAMAAwADAANwAuAHAAZABmAA8AGgAMAE0AYQBjAGkAbgB0AG8AcwBoACAASABEABIAS1VzZXJzL2p1c3RlL0NvbXBsZXhTeXN0ZW1zL0NpdHlOZXR3b3JrL0JpYmxpby9Eb2NzL0NvbXBsZXhpdHkvbnNzMTUwMDA3LnBkZgAAEwABLwAAFQACAAz//wAAgAbSGxwdHlokY2xhc3NuYW1lWCRjbGFzc2VzXU5TTXV0YWJsZURhdGGjHR8gVk5TRGF0YVhOU09iamVjdNIbHCIjXE5TRGljdGlvbmFyeaIiIF8QD05TS2V5ZWRBcmNoaXZlctEmJ1Ryb290gAEACAARABoAIwAtADIANwBAAEYATQBVAGAAZwBqAGwAbgBxAHMAdQB3AIQAjgCxALYAvgKgAqICpwKyArsCyQLNAtQC3QLiAu8C8gMEAwcDDAAAAAAAAAIBAAAAAAAAACgAAAAAAAAAAAAAAAAAAAMO}}


