%% This BibTeX bibliography file was created using BibDesk.
%% http://bibdesk.sourceforge.net/


%% Created for Juste Raimbault at 2015-04-22 09:06:25 +0200 


%% Saved with string encoding Occidental (ISO Latin 1) 



@webpage{impl,
	Author = {J. Raimbault and J. Gonzalez},
	Date-Added = {2015-04-22 07:03:03 +0000},
	Date-Modified = {2015-04-22 07:06:25 +0000},
	Title = {Network Generation Implementation at https://github.com/JusteRaimbault/NetworkGeneration},
	Year = {2014}}

@article{sullivan2010identifying,
	Author = {Sullivan, JL and Novak, DC and Aultman-Hall, L and Scott, David M},
	Date-Added = {2015-04-22 01:09:02 +0000},
	Date-Modified = {2015-04-22 01:09:02 +0000},
	Journal = {Transportation Research Part A: Policy and Practice},
	Number = {5},
	Pages = {323--336},
	Publisher = {Elsevier},
	Title = {Identifying critical road segments and measuring system-wide robustness in transportation networks with isolating links: A link-based capacity-reduction approach},
	Volume = {44},
	Year = {2010}}

@incollection{banos2012towards,
	Author = {Banos, Arnaud and Genre-Grandpierre, Cyrille},
	Booktitle = {Agent-based models of geographical systems},
	Date-Added = {2015-04-22 01:05:12 +0000},
	Date-Modified = {2015-04-22 01:05:12 +0000},
	Pages = {627--641},
	Publisher = {Springer},
	Reading = {FPC},
	Title = {Towards new metrics for urban road networks: Some preliminary evidence from agent-based simulations},
	Usage = {T},
	Year = {2012},
	Bdsk-File-1 = {YnBsaXN0MDDUAQIDBAUGJCVYJHZlcnNpb25YJG9iamVjdHNZJGFyY2hpdmVyVCR0b3ASAAGGoKgHCBMUFRYaIVUkbnVsbNMJCgsMDRBWJGNsYXNzV05TLmtleXNaTlMub2JqZWN0c4AHog4PgAKAA6IREoAEgAVccmVsYXRpdmVQYXRoWWFsaWFzRGF0YV8QOi4uLy4uLy4uLy4uL0JpYmxpby9Eb2NzL05ldHdvcmsvMzFfT25saW5lIFBERi1hcHByb3ZlZC5wZGbSCRcYGVdOUy5kYXRhgAZPEQIGAAAAAAIGAAIAAAxNYWNpbnRvc2ggSEQAAAAAAAAAAAAAAAAAAADKQQYMSCsAAADKYJoaMzFfT25saW5lIFBERi1hcHByb3ZlZC5wZGYAAAAAAAAAAAAAAAAAAAAAAAAAAAAAAAAAAAAAAAAAAAAAAAAAAKQMJszupIUAAAAAAAAAAAAEAAQAAAkgAAAAAAAAAAAAAAAAAAAAB05ldHdvcmsAABAACAAAykDp7AAAABEACAAAzO6WdQAAAAEAHADKYJoAtnjEAKmYegCQwikABQIVAAUCFAAAvuwAAgBnTWFjaW50b3NoIEhEOlVzZXJzOgBKdXN0ZToARG9jdW1lbnRzOgBDb21wbGV4U3lzdGVtczoAQmlibGlvOgBEb2NzOgBOZXR3b3JrOgAzMV9PbmxpbmUgUERGLWFwcHJvdmVkLnBkZgAADgA2ABoAMwAxAF8ATwBuAGwAaQBuAGUAIABQAEQARgAtAGEAcABwAHIAbwB2AGUAZAAuAHAAZABmAA8AGgAMAE0AYQBjAGkAbgB0AG8AcwBoACAASABEABIAU1VzZXJzL0p1c3RlL0RvY3VtZW50cy9Db21wbGV4U3lzdGVtcy9CaWJsaW8vRG9jcy9OZXR3b3JrLzMxX09ubGluZSBQREYtYXBwcm92ZWQucGRmAAATAAEvAAAVAAIADP//AADSGxwdHlokY2xhc3NuYW1lWCRjbGFzc2VzXU5TTXV0YWJsZURhdGGjHR8gVk5TRGF0YVhOU09iamVjdNIbHCIjXE5TRGljdGlvbmFyeaIiIF8QD05TS2V5ZWRBcmNoaXZlctEmJ1Ryb290gAEACAARABoAIwAtADIANwBAAEYATQBUAFwAZwBpAGwAbgBwAHMAdQB3AIQAjgDLANAA2ADaAuQC6QL0Av0DCwMPAxYDHwMkAzEDNANGA0kDTgAAAAAAAAIBAAAAAAAAACgAAAAAAAAAAAAAAAAAAANQ}}

@article{bebber2007biological,
	Author = {Bebber, Daniel P and Hynes, Juliet and Darrah, Peter R and Boddy, Lynne and Fricker, Mark D},
	Date-Added = {2015-04-21 23:43:57 +0000},
	Date-Modified = {2015-04-21 23:43:57 +0000},
	Journal = {Proceedings of the Royal Society B: Biological Sciences},
	Number = {1623},
	Pages = {2307--2315},
	Publisher = {The Royal Society},
	Title = {Biological solutions to transport network design},
	Volume = {274},
	Year = {2007}}
