


@article{zhang2013identifying,
  title={Identifying determinants of urban growth from a multi-scale perspective: A case study of the urban agglomeration around Hangzhou Bay, China},
  author={Zhang, Zhonghao and Su, Shiliang and Xiao, Rui and Jiang, Diwei and Wu, Jiaping},
  journal={Applied Geography},
  volume={45},
  pages={193--202},
  year={2013},
  publisher={Elsevier}
}



@article{ward2000stochastically,
  title={A stochastically constrained cellular model of urban growth},
  author={Ward, Douglas P and Murray, Alan T and Phinn, Stuart R},
  journal={Computers, Environment and Urban Systems},
  volume={24},
  number={6},
  pages={539--558},
  year={2000},
  publisher={Elsevier}
}


@article{frankhauser1998fractal,
  title={Fractal geometry of urban patterns and their morphogenesis},
  author={Frankhauser, Pierre},
  journal={Discrete Dynamics in Nature and Society},
  volume={2},
  number={2},
  pages={127--145},
  year={1998},
  publisher={Hindawi Publishing Corporation}
}


