%% This BibTeX bibliography file was created using BibDesk.
%% http://bibdesk.sourceforge.net/

%% Created for Juste Raimbault at 2017-09-22 18:44:04 +0200 


%% Saved with string encoding Unicode (UTF-8) 


@ARTICLE{2017arXiv170607467R,
   author = {{Raimbault}, J. and {Bergeaud}, A.},
    title = {The Cost of Transportation : Spatial Analysis of US Fuel Prices},
  journal = {ArXiv e-prints},
archivePrefix = arXiv,
   eprint = {1706.07467},
 primaryClass = stat.AP,
 keywords = {Statistics - Applications, Physics - Physics and Society},
     year = 2017,
    month = jun,
   adsurl = {http://adsabs.harvard.edu/abs/2017arXiv170607467R},
  adsnote = {Provided by the SAO/NASA Astrophysics Data System}
}



@inproceedings{raimbaulthalshs01514415,
  TITLE = {{G{\'e}n{\'e}ration de Donn{\'e}es Synth{\'e}tiques Corr{\'e}l{\'e}es}},
  AUTHOR = {Raimbault, Juste},
  URL = {https://halshs.archives-ouvertes.fr/halshs-01514415},
  BOOKTITLE = {{Rochebrune 2016, Journ{\'e}es d'Etude sur les Syst{\`e}mes Complexes Naturels et Artificiels}},
  ADDRESS = {M{\'e}g{\`e}ve, France},
  YEAR = {2016},
  MONTH = Jan,
  KEYWORDS = {Syst{\`e}mes Complexes  ;  Donn{\'e}es Synth{\'e}tiques},
  PDF = {https://halshs.archives-ouvertes.fr/halshs-01514415/file/Rochebrune2016_Raimbault_Abstract.pdf},
  HAL_ID = {halshs-01514415},
  HAL_VERSION = {v1},
}


@ARTICLE{2017arXiv170609244R,
   author = {{Raimbault}, J.},
    title = {An Applied Knowledge Framework to Study Complex Systems},
  journal = {ArXiv e-prints},
archivePrefix = arXiv,
   eprint = {1706.09244},
 primaryClass = cs.CY,
 keywords = {Computer Science - Computers and Society, Physics - Physics and Society},
     year = 2017,
    month = jun,
   adsurl = {http://adsabs.harvard.edu/abs/2017arXiv170609244R},
  adsnote = {Provided by the SAO/NASA Astrophysics Data System}
}


@article{MANCMANC1073,
	Author = {Canning, David and Pedroni, Peter},
	Date-Added = {2017-09-22 16:44:00 +0000},
	Date-Modified = {2017-09-22 16:44:04 +0000},
	Doi = {10.1111/j.1467-9957.2008.01073.x},
	Issn = {1467-9957},
	Journal = {The Manchester School},
	Number = {5},
	Pages = {504--527},
	Publisher = {Blackwell Publishing Ltd},
	Title = {Infrastructure, long-run economic growth and causality tests for cointegrated panels},
	Url = {http://dx.doi.org/10.1111/j.1467-9957.2008.01073.x},
	Volume = {76},
	Year = {2008},
	Bdsk-File-1 = {YnBsaXN0MDDUAQIDBAUGJCVYJHZlcnNpb25YJG9iamVjdHNZJGFyY2hpdmVyVCR0b3ASAAGGoKgHCBMUFRYaIVUkbnVsbNMJCgsMDxJXTlMua2V5c1pOUy5vYmplY3RzViRjbGFzc6INDoACgAOiEBGABIAFgAdccmVsYXRpdmVQYXRoWWFsaWFzRGF0YV8QPy4uL0RvY3MvU3RhdGlzdGljcy9DQU5OSU5HX2V0X2FsLTIwMDgtVGhlX01hbmNoZXN0ZXJfU2Nob29sLnBkZtIXCxgZV05TLmRhdGFPEQJkAAAAAAJkAAIAAAxNYWNpbnRvc2ggSEQAAAAAAAAAAAAAAAAAAADKQVpsSCsAAAIxeCIfQ0FOTklOR19ldF9hbC0yMDA4LSM0OUVGQzJDLnBkZgAAAAAAAAAAAAAAAAAAAAAAAAAAAAAAAAAAAAAAAAAABJ78LNWuE+sAAAAAAAAAAAABAAMAAAkgAAAAAAAAAAAAAAAAAAAAClN0YXRpc3RpY3MAEAAIAADKQOnsAAAAEQAIAADVraNrAAAAAQAgAjF4IgIxd9kCIfkZAiH5EACQwikABQIVAAUCFAAAvuwAAgB8TWFjaW50b3NoIEhEOlVzZXJzOgBKdXN0ZToARG9jdW1lbnRzOgBDb21wbGV4U3lzdGVtczoAQ2l0eU5ldHdvcms6AEJpYmxpbzoARG9jczoAU3RhdGlzdGljczoAQ0FOTklOR19ldF9hbC0yMDA4LSM0OUVGQzJDLnBkZgAOAFoALABDAEEATgBOAEkATgBHAF8AZQB0AF8AYQBsAC0AMgAwADAAOAAtAFQAaABlAF8ATQBhAG4AYwBoAGUAcwB0AGUAcgBfAFMAYwBoAG8AbwBsAC4AcABkAGYADwAaAAwATQBhAGMAaQBuAHQAbwBzAGgAIABIAEQAEgB0VXNlcnMvSnVzdGUvRG9jdW1lbnRzL0NvbXBsZXhTeXN0ZW1zL0NpdHlOZXR3b3JrL0JpYmxpby9Eb2NzL1N0YXRpc3RpY3MvQ0FOTklOR19ldF9hbC0yMDA4LVRoZV9NYW5jaGVzdGVyX1NjaG9vbC5wZGYAEwABLwAAFQACAAz//wAAgAbSGxwdHlokY2xhc3NuYW1lWCRjbGFzc2VzXU5TTXV0YWJsZURhdGGjHR8gVk5TRGF0YVhOU09iamVjdNIbHCIjXE5TRGljdGlvbmFyeaIiIF8QD05TS2V5ZWRBcmNoaXZlctEmJ1Ryb290gAEACAARABoAIwAtADIANwBAAEYATQBVAGAAZwBqAGwAbgBxAHMAdQB3AIQAjgDQANUA3QNFA0cDTANXA2ADbgNyA3kDggOHA5QDlwOpA6wDsQAAAAAAAAIBAAAAAAAAACgAAAAAAAAAAAAAAAAAAAOz},
	Bdsk-Url-1 = {http://dx.doi.org/10.1111/j.1467-9957.2008.01073.x}}

@inproceedings{koninghal-00962384,
	Address = {Belgium},
	Author = {Koning, Martin and Blanquart, Corinne and Delaplace, Marie},
	Booktitle = {{ASRDLF 2013, 50{\`e}me colloque de l'Association des sciences r{\'e}gionales de langue fran{\c c}aise}},
	Date-Added = {2017-09-22 16:42:26 +0000},
	Date-Modified = {2017-09-22 16:42:31 +0000},
	Hal_Id = {hal-00962384},
	Hal_Version = {v1},
	Keywords = {TRANSPORT FERROVIAIRE ; ECONOMIE ; CALCUL ECONOMIQUE},
	Month = Jul,
	Pages = {32p},
	Pdf = {https://hal.archives-ouvertes.fr/hal-00962384/file/doc00017599.pdf},
	Title = {{Dessertes ferroviaires {\`a} grande vitesse et dynamisme {\'e}conomique local : Une analyse {\'e}conom{\'e}trique exploratoire sur les unit{\'e}s urbaines fran{\c c}aises}},
	Url = {https://hal.archives-ouvertes.fr/hal-00962384},
	Year = {2013},
	Bdsk-File-1 = {YnBsaXN0MDDUAQIDBAUGJCVYJHZlcnNpb25YJG9iamVjdHNZJGFyY2hpdmVyVCR0b3ASAAGGoKgHCBMUFRYaIVUkbnVsbNMJCgsMDxJXTlMua2V5c1pOUy5vYmplY3RzViRjbGFzc6INDoACgAOiEBGABIAFgAdccmVsYXRpdmVQYXRoWWFsaWFzRGF0YV8QIi4uL0RvY3MvU3RhdGlzdGljcy9kb2MwMDAxNzU5OS5wZGbSFwsYGVdOUy5kYXRhTxEB/gAAAAAB/gACAAAMTWFjaW50b3NoIEhEAAAAAAAAAAAAAAAAAAAAykFabEgrAAACMXgiD2RvYzAwMDE3NTk5LnBkZgAAAAAAAAAAAAAAAAAAAAAAAAAAAAAAAAAAAAAAAAAAAAAAAAAAAAAAAAAAAAAAAASe8IzVrfI2AAAAAAAAAAAAAQADAAAJIAAAAAAAAAAAAAAAAAAAAApTdGF0aXN0aWNzABAACAAAykDp7AAAABEACAAA1a2BtgAAAAEAIAIxeCICMXfZAiH5GQIh+RAAkMIpAAUCFQAFAhQAAL7sAAIAbE1hY2ludG9zaCBIRDpVc2VyczoASnVzdGU6AERvY3VtZW50czoAQ29tcGxleFN5c3RlbXM6AENpdHlOZXR3b3JrOgBCaWJsaW86AERvY3M6AFN0YXRpc3RpY3M6AGRvYzAwMDE3NTk5LnBkZgAOACAADwBkAG8AYwAwADAAMAAxADcANQA5ADkALgBwAGQAZgAPABoADABNAGEAYwBpAG4AdABvAHMAaAAgAEgARAASAFdVc2Vycy9KdXN0ZS9Eb2N1bWVudHMvQ29tcGxleFN5c3RlbXMvQ2l0eU5ldHdvcmsvQmlibGlvL0RvY3MvU3RhdGlzdGljcy9kb2MwMDAxNzU5OS5wZGYAABMAAS8AABUAAgAM//8AAIAG0hscHR5aJGNsYXNzbmFtZVgkY2xhc3Nlc11OU011dGFibGVEYXRhox0fIFZOU0RhdGFYTlNPYmplY3TSGxwiI1xOU0RpY3Rpb25hcnmiIiBfEA9OU0tleWVkQXJjaGl2ZXLRJidUcm9vdIABAAgAEQAaACMALQAyADcAQABGAE0AVQBgAGcAagBsAG4AcQBzAHUAdwCEAI4AswC4AMACwgLEAskC1ALdAusC7wL2Av8DBAMRAxQDJgMpAy4AAAAAAAACAQAAAAAAAAAoAAAAAAAAAAAAAAAAAAADMA==},
	Bdsk-Url-1 = {https://hal.archives-ouvertes.fr/hal-00962384}}

@article{doi10.1068/b39089,
	Abstract = { The objective of this study was to investigate the impact of political history on the dynamics of the interrelationship between land use and road networks within cities. Political history, in this study, is defined as the combination of the regional-level government programs and political events that affect the pattern of urbanization in a region. The study focused on urbanization in the cities of Pordenone and Gorizia, both situated in the Friuli-Venezia Giulia region of northeastern Italy, over the period 1950--2000. Being located adjacent to an international boundary, the city of Gorizia has a long history of political instability dating back to the beginning of the 20th century. It is assumed that this political instability has led to the application of differential socioeconomic policies which have affected the process of urbanization in the city. The aim of the study was to capture this effect by investigating the structural changes over the period of fifty years in both land use and the road network. In order to understand the extent of the effect Pordenone was used for comparison, since it has experienced a relatively peaceful past and regular growth. MOLAND (monitoring land-use/cover dynamics) data for land use and the road network were used for the study. Graph theory measures were used for a comparative analysis of the structural properties of road networks in both cities and their development over time. In order to understand the spatial relationship between change in land use and the road network, a nonparametric test of the spatial correspondence of areal distribution was used and tested at multiple spatial scales. The results suggest that political history does affect the land-use and road-network changes individually, but it did not affect the type of spatial relationship that exists between the two for those particular cities. This research makes a unique attempt to analyze the impact of policy on land-use and road-network change by using spatial data and methods of analysis which can help to understand their overall dynamics and that can be used as an alternative to data-intensive and time-intensive simulation models. },
	Author = {{Gargi Chaudhuri and Keith C Clarke}},
	Date-Added = {2017-09-22 16:40:50 +0000},
	Date-Modified = {2017-09-22 16:40:54 +0000},
	Doi = {{10.1068/b39089}},
	Journal = {{Environment and Planning B: Planning and Design}},
	Number = {1},
	Pages = {133-156},
	Title = {{On the Spatiotemporal Dynamics of the Coupling between Land Use and Road Networks: Does Political History Matter?}},
	Url = {{http://dx.doi.org/10.1068/b39089}},
	Volume = {42},
	Year = {{2015}},
	Bdsk-File-1 = {YnBsaXN0MDDUAQIDBAUGJCVYJHZlcnNpb25YJG9iamVjdHNZJGFyY2hpdmVyVCR0b3ASAAGGoKgHCBMUFRYaIVUkbnVsbNMJCgsMDxJXTlMua2V5c1pOUy5vYmplY3RzViRjbGFzc6INDoACgAOiEBGABIAFgAdccmVsYXRpdmVQYXRoWWFsaWFzRGF0YV8QKy4uL0RvY3MvU3BhdGlhbFN0YXRpc3RpY3MvY2hhdWRodXJpMjAxNS5wZGbSFwsYGVdOUy5kYXRhTxECHAAAAAACHAACAAAMTWFjaW50b3NoIEhEAAAAAAAAAAAAAAAAAAAAykFabEgrAAAEHoeUEWNoYXVkaHVyaTIwMTUucGRmAAAAAAAAAAAAAAAAAAAAAAAAAAAAAAAAAAAAAAAAAAAAAAAAAAAAAAAAAAAAAASdazPVosPgAAAAAAAAAAAAAQADAAAJIAAAAAAAAAAAAAAAAAAAABFTcGF0aWFsU3RhdGlzdGljcwAAEAAIAADKQOnsAAAAEQAIAADVolNgAAAAAQAgBB6HlAIxd9kCIfkZAiH5EACQwikABQIVAAUCFAAAvuwAAgB1TWFjaW50b3NoIEhEOlVzZXJzOgBKdXN0ZToARG9jdW1lbnRzOgBDb21wbGV4U3lzdGVtczoAQ2l0eU5ldHdvcms6AEJpYmxpbzoARG9jczoAU3BhdGlhbFN0YXRpc3RpY3M6AGNoYXVkaHVyaTIwMTUucGRmAAAOACQAEQBjAGgAYQB1AGQAaAB1AHIAaQAyADAAMQA1AC4AcABkAGYADwAaAAwATQBhAGMAaQBuAHQAbwBzAGgAIABIAEQAEgBgVXNlcnMvSnVzdGUvRG9jdW1lbnRzL0NvbXBsZXhTeXN0ZW1zL0NpdHlOZXR3b3JrL0JpYmxpby9Eb2NzL1NwYXRpYWxTdGF0aXN0aWNzL2NoYXVkaHVyaTIwMTUucGRmABMAAS8AABUAAgAM//8AAIAG0hscHR5aJGNsYXNzbmFtZVgkY2xhc3Nlc11OU011dGFibGVEYXRhox0fIFZOU0RhdGFYTlNPYmplY3TSGxwiI1xOU0RpY3Rpb25hcnmiIiBfEA9OU0tleWVkQXJjaGl2ZXLRJidUcm9vdIABAAgAEQAaACMALQAyADcAQABGAE0AVQBgAGcAagBsAG4AcQBzAHUAdwCEAI4AvADBAMkC6QLrAvAC+wMEAxIDFgMdAyYDKwM4AzsDTQNQA1UAAAAAAAACAQAAAAAAAAAoAAAAAAAAAAAAAAAAAAADVw==},
	Bdsk-Url-1 = {http://dx.doi.org/10.1068/b39089}}

@article{guerois2009dynamique,
	Author = {Gu{\'e}rois, Marianne and Le Goix, Renaud},
	Journal = {Cybergeo: European Journal of Geography},
	Publisher = {CNRS-UMR G{\'e}ographie-cit{\'e}s 8504},
	Title = {La dynamique spatio-temporelle des prix immobiliers {\`a} diff{\'e}rentes {\'e}chelles: le cas des appartements anciens {\`a} Paris (1990-2003)},
	Year = {2009}}

@inproceedings{raimbault2016generation,
	Author = {Raimbault, Juste},
	Booktitle = {Rochebrune 2016 - Rencontre Interdisciplinaires sur les Syst{\`e}mes Complexes Naturels et Artificiels},
	Title = {G{\'e}n{\'e}ration de Donn{\'e}es Synth{\'e}tiques Corr{\'e}l{\'e}es},
	Year = {2016}}

@article{pumain2010theorie,
	Author = {Pumain, Denise},
	Journal = {Bulletin de la Soci{\'e}t{\'e} g{\'e}ographie de Li{\`e}ge},
	Number = {55},
	Pages = {5--15},
	Title = {Une th{\'e}orie g{\'e}ographique des villes},
	Year = {2010}}

@article{10.1371/journal.pone.0176310,
	Abstract = {In this paper, we extend some usual techniques of classification resulting from a large-scale data-mining and network approach. This new technology, which in particular is designed to be suitable to big data, is used to construct an open consolidated database from raw data on 4 million patents taken from the US patent office from 1976 onward. To build the pattern network, not only do we look at each patent title, but we also examine their full abstract and extract the relevant keywords accordingly. We refer to this classification as semantic approach in contrast with the more common technological approach which consists in taking the topology when considering US Patent office technological classes. Moreover, we document that both approaches have highly different topological measures and strong statistical evidence that they feature a different model. This suggests that our method is a useful tool to extract endogenous information.},
	Author = {Bergeaud, Antonin AND Potiron, Yoann AND Raimbault, Juste},
	Doi = {10.1371/journal.pone.0176310},
	Journal = {PLOS ONE},
	Month = {04},
	Number = {4},
	Pages = {1-22},
	Publisher = {Public Library of Science},
	Title = {Classifying patents based on their semantic content},
	Url = {https://doi.org/10.1371/journal.pone.0176310},
	Volume = {12},
	Year = {2017},
	Bdsk-Url-1 = {https://doi.org/10.1371/journal.pone.0176310},
	Bdsk-Url-2 = {http://dx.doi.org/10.1371/journal.pone.0176310}}

@article{brunsdon1998geographically,
	Author = {Brunsdon, Chris and Fotheringham, Stewart and Charlton, Martin},
	Journal = {Journal of the Royal Statistical Society: Series D (The Statistician)},
	Number = {3},
	Pages = {431--443},
	Publisher = {Wiley Online Library},
	Title = {Geographically weighted regression},
	Volume = {47},
	Year = {1998}}

@article{pumain2003approche,
	Author = {Pumain, Denise},
	Journal = {Geocarrefour},
	Number = {1},
	Pages = {25--31},
	Publisher = {Association des amis de la Revue de G{\'e}ographie de Lyon},
	Title = {Une approche de la complexit{\'e} en g{\'e}ographie},
	Volume = {78},
	Year = {2003}}

@manual{rcoreteam,
	Address = {Vienna, Austria},
	Author = {{R Core Team}},
	Date-Added = {2015-05-19 13:36:38 +0000},
	Date-Modified = {2015-05-19 13:36:43 +0000},
	Organization = {R Foundation for Statistical Computing},
	Title = {R: A Language and Environment for Statistical Computing},
	Url = {http://www.R-project.org/},
	Year = {2015},
	Bdsk-Url-1 = {http://www.R-project.org/}}

@techreport{aghion2015innovation,
	Author = {Aghion, Philippe and Akcigit, Ufuk and Bergeaud, Antonin and Blundell, Richard and H{\'e}mous, David},
	Institution = {National Bureau of Economic Research},
	Title = {Innovation and top income inequality},
	Year = {2015}}

@article{audretsch1996r,
	Author = {Audretsch, David B and Feldman, Maryann P},
	Journal = {The American economic review},
	Number = {3},
	Pages = {630--640},
	Publisher = {JSTOR},
	Title = {R\&D spillovers and the geography of innovation and production},
	Volume = {86},
	Year = {1996}}

@article{cerqueira2017inegalites,
	Author = {Cerqueira, Eug{\^e}nia Viana},
	Journal = {EchoG{\'e}o},
	Number = {39},
	Publisher = {P{\^o}le de recherche pour l'organisation et la diffusion de l'information g{\'e}ographique (CNRS UMR 8586)},
	Title = {Les in{\'e}galit{\'e}s d'acc{\`e}s aux ressources urbaines dans les franges p{\'e}riph{\'e}riques de Belo Horizonte (Br{\'e}sil): quelles {\'e}volutions?},
	Year = {2017}}

@misc{durand2003geographes,
	Author = {Durand-Dastes, Fran{\c{c}}ois},
	Publisher = {PUF},
	Title = {Les g{\'e}ographes et la notion de causalit{\'e}},
	Year = {2003}}

@article{claval1985causalite,
	Author = {Claval, Paul},
	Journal = {Espace g{\'e}ographique},
	Number = {2},
	Pages = {109--115},
	Publisher = {Pers{\'e}e-Portail des revues scientifiques en SHS},
	Title = {Causalit{\'e} et g{\'e}ographie},
	Volume = {14},
	Year = {1985}}

@article{loi1985etude,
	Author = {Loi, Daniel},
	Journal = {Espace g{\'e}ographique},
	Number = {2},
	Pages = {121--125},
	Publisher = {Pers{\'e}e-Portail des revues scientifiques en SHS},
	Title = {Une {\'e}tude de la causalit{\'e} dans la g{\'e}ographie classique fran{\c{c}}aise.[L'exemple des premi{\`e}res th{\`e}ses r{\'e}gionales]},
	Volume = {14},
	Year = {1985}}

@article{desjardins2010bataille,
	Author = {Desjardins, Xavier},
	Journal = {L'Information g{\'e}ographique},
	Number = {4},
	Pages = {29--46},
	Publisher = {Armand Colin},
	Title = {la bataille du Grand Paris},
	Volume = {74},
	Year = {2010}}

@article{beaucire2013grand,
	Author = {Beaucire, Francis and Drevelle, Matthieu},
	Journal = {Revue d'{\'E}conomie R{\'e}gionale \& Urbaine},
	Number = {3},
	Pages = {437--460},
	Publisher = {Armand Colin},
	Title = {{\guillemotleft}Grand Paris Express{\guillemotright}: un projet au service de la r{\'e}duction des in{\'e}galit{\'e}s d'accessibilit{\'e} entre l'Ouest et l'Est de la r{\'e}gion urbaine de Paris?},
	Year = {2013}}

@misc{sdrif2013,
	Author = {SDRIF},
	Title = {{\^I}le-de-France 2030. ORIENTATIONS R{\'E}GLEMENTAIRES ET CARTE DE DESTINATION G{\'E}N{\'E}RALE DES DIFF{\'E}RENTES PARTIES DU TERRITOIRE.},
	Year = {2013}}

@misc{stif2007arc,
	Author = {STIF},
	Howpublished = {\\archived at http://archive.wikiwix.com/cache/?url=http{\%}3A{\%}2F{\%}2Fwww.debatpublic-arcexpress.org{\%}2F{\_}script{\%}2Fntsp-document-file{\_}download.php{\%}3Fdocument{\_}id\\{\%}3D92{\%}26document{\_}file{\_}id{\%}3D106},
	Title = {ArcExpress, d{\'e}bat public sur le m{\'e}tro de rocade. Dossier du Maitre d'Ouvrage.},
	Year = {2010}}

@inproceedings{hamerly2003learning,
	Author = {Hamerly, Greg and Elkan, Charles and others},
	Booktitle = {NIPS},
	Pages = {281--288},
	Title = {Learning the k in k-means},
	Volume = {3},
	Year = {2003}}

@phdthesis{bretagnolletel00459720,
	Affiliation = {G{\'e}ographie-cit{\'e}s - GC},
	Author = {Bretagnolle, Anne},
	Date-Added = {2015-02-17 16:33:50 +0000},
	Date-Modified = {2015-02-26 14:10:44 +0000},
	Hal_Id = {tel-00459720},
	Keywords = {Ville ; R{\'e}seaux de transport ; Vitesse ; Bases de donn{\'e}es ; Hi{\'e}rarchie ; Accessibilit{\'e} ; G{\'e}ographie urbaine ; Analyse spatiale ; Histoire ; France ; Europe ; Etats-Unis ; 17{\`e}me-20{\`e}me si{\`e}cles.},
	Language = {Fran{\c c}ais},
	Month = Jun,
	Pdf = {http://tel.archives-ouvertes.fr/tel-00459720/PDF/Volume3IneditHDRBretagnolle.pdf},
	School = {Universit{\'e} Panth{\'e}on-Sorbonne - Paris I},
	Title = {{Villes et r{\'e}seaux de transport : des interactions dans la longue dur{\'e}e, France, Europe, {\'E}tats-Unis}},
	Type = {HDR},
	Url = {http://tel.archives-ouvertes.fr/tel-00459720},
	Year = {2009},
	Bdsk-Url-1 = {http://tel.archives-ouvertes.fr/tel-00459720}}

@article{crozethalshs01094554,
	Author = {Crozet, Yves and Dumont, Francois},
	Date-Added = {2015-07-08 16:16:42 +0000},
	Date-Modified = {2015-07-08 16:16:42 +0000},
	Hal_Id = {halshs-01094554},
	Hal_Version = {v1},
	Journal = {{Ville, Rail et Transports}},
	Keywords = {transport ferroviaire ; effet socio-{\'e}conomique du transport ; TGV ; transport {\`a} grande vitesse},
	Number = {525},
	Pages = {48-51},
	Pdf = {https://halshs.archives-ouvertes.fr/halshs-01094554/file/VRT_N525_Crozet_Dumont.pdf},
	Title = {{Retour sur les effets {\'e}conomiques du TGV. Les effets structurants sont un mythe (interview)}},
	Url = {https://halshs.archives-ouvertes.fr/halshs-01094554},
	Year = {2011},
	Bdsk-Url-1 = {https://halshs.archives-ouvertes.fr/halshs-01094554}}
