




@article{reuillon2013openmole,
	Author = {Reuillon, Romain and Leclaire, Mathieu and Rey-Coyrehourcq, Sebastien},
	Journal = {Future Generation Computer Systems},
	Number = {8},
	Pages = {1981--1990},
	Title = {OpenMOLE, a workflow engine specifically tailored for the distributed exploration of simulation models},
	Volume = {29},
	Year = {2013}}



@phdthesis{schmitt2014modelisation,
	Abstract = {Is urban growth the result of multiple interactions between cities ? Urban evolutionary theory (Pu main, 2000), based on this postulate, analyses urban growth processes. This thesis, undertaken in an inter-disciplinary context, aims to evaluate the validity of the hypothesis by means of computer simulation. Strong regularities of the urban systems dynamics are extracted from the accumulated scientific knowledge and synthetized into ten major stylized facts. Two simulation models, SimpopLocal and SimpopNet, are then built, documented - thanks to a standardized grid - and systematically explored. They each question a specific aspect of the urban evolutionary theory : the nature of the inter-urban interactions for the first model (i.e. competition for innovation) and their support for the second model (i.e. the role of the communication network structure). The evaluation of the two models required the design and the implementation of two original exploration protocols : an automated calibration method and a sensibility analysis protocol (the Exploration Profile algorithm) which individually evaluates the contribution of each implemented mechanism to the simulated behavior. These two forms of exploration systematically confront the simulation results with current scientific knowledge. They indicate that the two models are able to account for key processes of urban systems dynamics, such as their hierarchical organization, and demonstrate for the first time the need for interurban interaction mechanisms in order to simulate urban evolutions that are close to those observed on real urban systems.},
	Author = {Schmitt, Clara},
	Date-Added = {2015-02-24 17:11:50 +0000},
	Date-Modified = {2015-02-24 17:12:47 +0000},
	School = {Paris 1},
	Title = {Mod{\'e}lisation de la dynamique des syst{\`e}mes de peuplement: de SimpopLocal {\`a} SimpopNet.},
	Year = {2014},
	Bdsk-File-1 = {YnBsaXN0MDDUAQIDBAUGJCVYJHZlcnNpb25YJG9iamVjdHNZJGFyY2hpdmVyVCR0b3ASAAGGoKgHCBMUFRYaIVUkbnVsbNMJCgsMDxJXTlMua2V5c1pOUy5vYmplY3RzViRjbGFzc6INDoACgAOiEBGABIAFgAdccmVsYXRpdmVQYXRoWWFsaWFzRGF0YV8QIS4uL0RvY3MvR2VuZXJhbC90aGVzZS1zY2htaXR0LnBkZtIXCxgZV05TLmRhdGFPEQH+AAAAAAH+AAIAAAxNYWNpbnRvc2ggSEQAAAAAAAAAAAAAAAAAAADKQVpsSCsAAAIxd+kRdGhlc2Utc2NobWl0dC5wZGYAAAAAAAAAAAAAAAAAAAAAAAAAAAAAAAAAAAAAAAAAAAAAAAAAAAAAAAAAAAAAAyR1mtEjI7wAAAAAAAAAAAABAAMAAAkgAAAAAAAAAAAAAAAAAAAAB0dlbmVyYWwAABAACAAAykDp7AAAABEACAAA0SKzPAAAAAEAIAIxd+kCMXfZAiH5GQIh+RAAkMIpAAUCFQAFAhQAAL7sAAIAa01hY2ludG9zaCBIRDpVc2VyczoASnVzdGU6AERvY3VtZW50czoAQ29tcGxleFN5c3RlbXM6AENpdHlOZXR3b3JrOgBCaWJsaW86AERvY3M6AEdlbmVyYWw6AHRoZXNlLXNjaG1pdHQucGRmAAAOACQAEQB0AGgAZQBzAGUALQBzAGMAaABtAGkAdAB0AC4AcABkAGYADwAaAAwATQBhAGMAaQBuAHQAbwBzAGgAIABIAEQAEgBWVXNlcnMvSnVzdGUvRG9jdW1lbnRzL0NvbXBsZXhTeXN0ZW1zL0NpdHlOZXR3b3JrL0JpYmxpby9Eb2NzL0dlbmVyYWwvdGhlc2Utc2NobWl0dC5wZGYAEwABLwAAFQACAAz//wAAgAbSGxwdHlokY2xhc3NuYW1lWCRjbGFzc2VzXU5TTXV0YWJsZURhdGGjHR8gVk5TRGF0YVhOU09iamVjdNIbHCIjXE5TRGljdGlvbmFyeaIiIF8QD05TS2V5ZWRBcmNoaXZlctEmJ1Ryb290gAEACAARABoAIwAtADIANwBAAEYATQBVAGAAZwBqAGwAbgBxAHMAdQB3AIQAjgCyALcAvwLBAsMCyALTAtwC6gLuAvUC/gMDAxADEwMlAygDLQAAAAAAAAIBAAAAAAAAACgAAAAAAAAAAAAAAAAAAAMv}}




@article{louf2013emergence,
	Author = {Louf, R{\'e}mi and Jensen, Pablo and Barthelemy, Marc},
	Date-Added = {2015-03-13 17:05:37 +0000},
	Date-Modified = {2015-03-13 17:05:37 +0000},
	Journal = {Proceedings of the National Academy of Sciences},
	Number = {22},
	Pages = {8824--8829},
	Publisher = {National Acad Sciences},
	Title = {Emergence of hierarchy in cost-driven growth of spatial networks},
	Volume = {110},
	Year = {2013},
	Bdsk-File-1 = {YnBsaXN0MDDUAQIDBAUGJCVYJHZlcnNpb25YJG9iamVjdHNZJGFyY2hpdmVyVCR0b3ASAAGGoKgHCBMUFRYaIVUkbnVsbNMJCgsMDxJXTlMua2V5c1pOUy5vYmplY3RzViRjbGFzc6INDoACgAOiEBGABIAFgAdccmVsYXRpdmVQYXRoWWFsaWFzRGF0YV8QQC4uL0RvY3MvUGh5c2ljcy9IaWVyYXJjaHlOZXR3b3JrR3Jvd3RoX1BOQVMtMjAxMy1Mb3VmLTg4MjQtOS5wZGbSFwsYGVdOUy5kYXRhTxECagAAAAACagACAAAMTWFjaW50b3NoIEhEAAAAAAAAAAAAAAAAAAAAykFabEgrAAACMXgUH0hpZXJhcmNoeU5ldHdvcmtHcm8jMjM2RUYzNC5wZGYAAAAAAAAAAAAAAAAAAAAAAAAAAAAAAAAAAAAAAAAAAAI27zTRKTm6AAAAAAAAAAAAAQADAAAJIAAAAAAAAAAAAAAAAAAAAAdQaHlzaWNzAAAQAAgAAMpA6ewAAAARAAgAANEoyToAAAABACACMXgUAjF32QIh+RkCIfkQAJDCKQAFAhUABQIUAAC+7AACAHlNYWNpbnRvc2ggSEQ6VXNlcnM6AEp1c3RlOgBEb2N1bWVudHM6AENvbXBsZXhTeXN0ZW1zOgBDaXR5TmV0d29yazoAQmlibGlvOgBEb2NzOgBQaHlzaWNzOgBIaWVyYXJjaHlOZXR3b3JrR3JvIzIzNkVGMzQucGRmAAAOAGIAMABIAGkAZQByAGEAcgBjAGgAeQBOAGUAdAB3AG8AcgBrAEcAcgBvAHcAdABoAF8AUABOAEEAUwAtADIAMAAxADMALQBMAG8AdQBmAC0AOAA4ADIANAAtADkALgBwAGQAZgAPABoADABNAGEAYwBpAG4AdABvAHMAaAAgAEgARAASAHVVc2Vycy9KdXN0ZS9Eb2N1bWVudHMvQ29tcGxleFN5c3RlbXMvQ2l0eU5ldHdvcmsvQmlibGlvL0RvY3MvUGh5c2ljcy9IaWVyYXJjaHlOZXR3b3JrR3Jvd3RoX1BOQVMtMjAxMy1Mb3VmLTg4MjQtOS5wZGYAABMAAS8AABUAAgAM//8AAIAG0hscHR5aJGNsYXNzbmFtZVgkY2xhc3Nlc11OU011dGFibGVEYXRhox0fIFZOU0RhdGFYTlNPYmplY3TSGxwiI1xOU0RpY3Rpb25hcnmiIiBfEA9OU0tleWVkQXJjaGl2ZXLRJidUcm9vdIABAAgAEQAaACMALQAyADcAQABGAE0AVQBgAGcAagBsAG4AcQBzAHUAdwCEAI4A0QDWAN4DTANOA1MDXgNnA3UDeQOAA4kDjgObA54DsAOzA7gAAAAAAAACAQAAAAAAAAAoAAAAAAAAAAAAAAAAAAADug==}}




@article{xie2009modeling,
	Author = {Xie, Feng and Levinson, David},
	Journal = {Networks and Spatial Economics},
	Number = {3},
	Pages = {291--307},
	Publisher = {Springer},
	Title = {Modeling the growth of transportation networks: A comprehensive review},
	Volume = {9},
	Year = {2009}}
	
	
	
@article{tero2010rules,
	Abstract = {Transport networks are ubiquitous in both social and biological systems. Robust network performance involves a complex trade-off involving cost, transport efficiency, and fault tolerance. Biological networks have been honed by many cycles of evolutionary selection pressure and are likely to yield reasonable solutions to such combinatorial optimization problems. Furthermore, they develop without centralized control and may represent a readily scalable solution for growing networks in general. We show that the slime mold Physarum polycephalum forms networks with comparable efficiency, fault tolerance, and cost to those of real-world infrastructure networks--in this case, the Tokyo rail system. The core mechanisms needed for adaptive network formation can be captured in a biologically inspired mathematical model that may be useful to guide network construction in other domains.},
	Author = {Tero, Atsushi and Takagi, Seiji and Saigusa, Tetsu and Ito, Kentaro and Bebber, Dan P. and Fricker, Mark D. and Yumiki, Kenji and Kobayashi, Ryo and Nakagaki, Toshiyuki},
	Date-Added = {2015-02-17 16:33:50 +0000},
	Date-Modified = {2016-02-09 14:02:34 +0000},
	Doi = {10.1126/science.1177894},
	Eprint = {http://www.sciencemag.org/content/327/5964/439.full.pdf},
	Journal = {Science},
	Number = {5964},
	Pages = {439-442},
	Reading = {FPC},
	Title = {Rules for Biologically Inspired Adaptive Network Design},
	Url = {http://www.sciencemag.org/content/327/5964/439.abstract},
	Usage = {T},
	Volume = {327},
	Year = {2010},
	Bdsk-File-1 = {YnBsaXN0MDDUAQIDBAUGJCVYJHZlcnNpb25YJG9iamVjdHNZJGFyY2hpdmVyVCR0b3ASAAGGoKgHCBMUFRYaIVUkbnVsbNMJCgsMDxJXTlMua2V5c1pOUy5vYmplY3RzViRjbGFzc6INDoACgAOiEBGABIAFgAdccmVsYXRpdmVQYXRoWWFsaWFzRGF0YV8QIS4uL0RvY3MvQmlvbG9neS9UZXJvZXRhbC4yMDEwLnBkZtIXCxgZV05TLmRhdGFPEQHkAAAAAAHkAAIAAAxNYWNpbnRvc2ggSEQAAAAAAAAAAAAAAAAAAADVLXURSCsAAAAsYKoRVGVyb2V0YWwuMjAxMC5wZGYAAAAAAAAAAAAAAAAAAAAAAAAAAAAAAAAAAAAAAAAAAAAAAAAAAAAAAAAAAAAAADa80dZ+KwEAAAAAAAAAAAABAAMAAAkgAAAAAAAAAAAAAAAAAAAAB0Jpb2xvZ3kAABAACAAA1S1Y8QAAABEACAAA1n4c8QAAAAEAHAAsYKoAGRWHAArNggAKy2QACr3pAAmpOAAGadwAAgBgTWFjaW50b3NoIEhEOlVzZXJzOgBqdXN0ZToAQ29tcGxleFN5c3RlbXM6AENpdHlOZXR3b3JrOgBCaWJsaW86AERvY3M6AEJpb2xvZ3k6AFRlcm9ldGFsLjIwMTAucGRmAA4AJAARAFQAZQByAG8AZQB0AGEAbAAuADIAMAAxADAALgBwAGQAZgAPABoADABNAGEAYwBpAG4AdABvAHMAaAAgAEgARAASAExVc2Vycy9qdXN0ZS9Db21wbGV4U3lzdGVtcy9DaXR5TmV0d29yay9CaWJsaW8vRG9jcy9CaW9sb2d5L1Rlcm9ldGFsLjIwMTAucGRmABMAAS8AABUAAgAM//8AAIAG0hscHR5aJGNsYXNzbmFtZVgkY2xhc3Nlc11OU011dGFibGVEYXRhox0fIFZOU0RhdGFYTlNPYmplY3TSGxwiI1xOU0RpY3Rpb25hcnmiIiBfEA9OU0tleWVkQXJjaGl2ZXLRJidUcm9vdIABAAgAEQAaACMALQAyADcAQABGAE0AVQBgAGcAagBsAG4AcQBzAHUAdwCEAI4AsgC3AL8CpwKpAq4CuQLCAtAC1ALbAuQC6QL2AvkDCwMOAxMAAAAAAAACAQAAAAAAAAAoAAAAAAAAAAAAAAAAAAADFQ==},
	Bdsk-Url-1 = {http://www.sciencemag.org/content/327/5964/439.abstract},
	Bdsk-Url-2 = {http://dx.doi.org/10.1126/science.1177894}}
