
@ARTICLE{2018arXiv180704228J,
   author = {{Jeldtoft Jensen}, H.},
    title = "{Tangled Nature: A model of emergent structure and temporal mode among co-evolving agents}",
  journal = {ArXiv e-prints},
archivePrefix = "arXiv",
   eprint = {1807.04228},
 primaryClass = "q-bio.PE",
 keywords = {Quantitative Biology - Populations and Evolution},
     year = 2018,
    month = jul,
   adsurl = {http://adsabs.harvard.edu/abs/2018arXiv180704228J},
  adsnote = {Provided by the SAO/NASA Astrophysics Data System},
  file={Docs/1807.04228.pdf}
}



