%% This BibTeX bibliography file was created using BibDesk.
%% http://bibdesk.sourceforge.net/


%% Created for Juste Raimbault at 2015-09-07 13:33:38 +0200 


%% Saved with string encoding Occidental (ISO Latin 1) 



@inproceedings{cuyala2015geographer,
	Author = {Cuyala, Sylvain and Commenges, Hadrien},
	Booktitle = {Plurimondi. An International Forum for Research and Debate on Human Settlements},
	Date-Added = {2015-09-07 07:29:05 +0000},
	Date-Modified = {2015-09-07 07:29:05 +0000},
	Number = {15},
	Title = {The Geographer's words: an interactive platform to study the evolution of the discipline},
	Volume = {7},
	Year = {2015}}

@article{ioannidis2005most,
	Author = {Ioannidis, John PA},
	Date-Added = {2015-09-07 07:03:42 +0000},
	Date-Modified = {2015-09-07 07:03:42 +0000},
	Journal = {Chance},
	Number = {4},
	Pages = {40--47},
	Publisher = {Taylor \& Francis},
	Title = {Why most published research findings are false},
	Volume = {18},
	Year = {2005}}

@phdthesis{rey2015these,
	Author = {Rey-Coyrehourcq, Sebastien},
	Date-Added = {2015-09-07 06:57:23 +0000},
	Date-Modified = {2015-09-07 06:58:48 +0000},
	School = {UMR CNRS 8504 Geographie-cites},
	Title = {These de Doctorat},
	Year = {2015}}

@book{laughlin2006different,
	Author = {Laughlin, Robert B},
	Date-Added = {2015-09-07 06:41:02 +0000},
	Date-Modified = {2015-09-07 06:41:02 +0000},
	Publisher = {Basic Books},
	Title = {A different universe: Reinventing physics from the bottom down},
	Year = {2006}}

@article{le2015modeling,
	Author = {Le N{\'e}chet, Florent and Raimbault, Juste},
	Date-Added = {2015-09-07 06:29:53 +0000},
	Date-Modified = {2015-09-07 06:29:53 +0000},
	Journal = {Plurimondi. An International Forum for Research and Debate on Human Settlements},
	Number = {15},
	Title = {Modeling the emergence of metropolitan transport autorithy in a polycentric urban region},
	Volume = {7},
	Year = {2015}}

@article{MBB09,
	Author = {Diego Moreno and Dominique Badariotti and Arnaud Banos},
	Date-Added = {2015-09-06 23:43:43 +0000},
	Date-Modified = {2015-09-06 23:43:43 +0000},
	Journal = {Cybergeo : European Journal of Geography},
	Reading = {FPC},
	Title = {Un automate cellulaire pour exp{\'e}rimenter les effets de la proximit{\'e} dans le processus d'{\'e}talement urbain : le mod{\`e}le Raumulus},
	Usage = {AT},
	Year = {2009},
	Bdsk-Url-1 = {http://cybergeo.revues.org/25353}}

@article{DBM11,
	Author = {Caruso, Geoffrey and Vuidel, Gilles and Cavailhes, Jean and Frankhauser, Pierre and Peeters, Dominique and Thomas, Isabelle},
	Date-Added = {2015-09-06 23:43:02 +0000},
	Date-Modified = {2015-09-06 23:43:02 +0000},
	Doi = {10.1007/s10109-010-0131-7},
	Issn = {1435-5930},
	Issue = {1},
	Journal = {Journal of Geographical Systems},
	Keywords = {Urban sprawl; Open space; Neighbourhood externalities; Road network; Dielectric breakdown; Fractal; C61; C63; D62; R21; R40},
	Language = {English},
	Pages = {31-48},
	Publisher = {Springer-Verlag},
	Reading = {FPC},
	Title = {Morphological similarities between DBM and a microeconomic model of sprawl},
	Url = {http://dx.doi.org/10.1007/s10109-010-0131-7},
	Usage = {SSB},
	Volume = {13},
	Year = {2011},
	Bdsk-File-1 = {YnBsaXN0MDDUAQIDBAUGJCVYJHZlcnNpb25YJG9iamVjdHNZJGFyY2hpdmVyVCR0b3ASAAGGoKgHCBMUFRYaIVUkbnVsbNMJCgsMDxJXTlMua2V5c1pOUy5vYmplY3RzViRjbGFzc6INDoACgAOiEBGABIAFgAdccmVsYXRpdmVQYXRoWWFsaWFzRGF0YV8QQy4uLy4uLy4uLy4uLy4uL1Byb2pldFVyYmFuRnJhbWV3b3JrL0JpYmxpby9DYXJ1c29GcmFua2hhdXNlckRCTS5wZGbSFwsYGVdOUy5kYXRhTxECBgAAAAACBgACAAAMTWFjaW50b3NoIEhEAAAAAAAAAAAAAAAAAAAAykEGDEgrAAAArI3NGENhcnVzb0ZyYW5raGF1c2VyREJNLnBkZgAAAAAAAAAAAAAAAAAAAAAAAAAAAAAAAAAAAAAAAAAAAAAAAAAAAACyz0HNNz3eAAAAAAAAAAAABQADAAAJIAAAAAAAAAAAAAAAAAAAAAZCaWJsaW8AEAAIAADKQOnsAAAAEQAIAADNNy/OAAAAAQAYAKyNzQCsH5wAkMIpAAUCFQAFAhQAAL7sAAIAbE1hY2ludG9zaCBIRDpVc2VyczoASnVzdGU6AERvY3VtZW50czoAQ29tcGxleFN5c3RlbXM6AFByb2pldFVyYmFuRnJhbWV3b3JrOgBCaWJsaW86AENhcnVzb0ZyYW5raGF1c2VyREJNLnBkZgAOADIAGABDAGEAcgB1AHMAbwBGAHIAYQBuAGsAaABhAHUAcwBlAHIARABCAE0ALgBwAGQAZgAPABoADABNAGEAYwBpAG4AdABvAHMAaAAgAEgARAASAFlVc2Vycy9KdXN0ZS9Eb2N1bWVudHMvQ29tcGxleFN5c3RlbXMvUHJvamV0VXJiYW5GcmFtZXdvcmsvQmlibGlvL0NhcnVzb0ZyYW5raGF1c2VyREJNLnBkZgAAEwABLwAAFQACAAz//wAAgAbSGxwdHlokY2xhc3NuYW1lWCRjbGFzc2VzXU5TTXV0YWJsZURhdGGjHR8gVk5TRGF0YVhOU09iamVjdNIbHCIjXE5TRGljdGlvbmFyeaIiIF8QD05TS2V5ZWRBcmNoaXZlctEmJ1Ryb290gAEACAARABoAIwAtADIANwBAAEYATQBVAGAAZwBqAGwAbgBxAHMAdQB3AIQAjgDUANkA4QLrAu0C8gL9AwYDFAMYAx8DKAMtAzoDPQNPA1IDVwAAAAAAAAIBAAAAAAAAACgAAAAAAAAAAAAAAAAAAANZ},
	Bdsk-Url-1 = {http://dx.doi.org/10.1007/s10109-010-0131-7}}

@article{10.1371/journal.pmed.1000326,
	Abstract = {
<p>Hilda Bastian and colleagues examine the extent to which critical summaries of clinical trials can be used by health professionals and the public.</p>
},
	Author = {Bastian, Hilda AND Glasziou, Paul AND Chalmers, Iain},
	Date-Added = {2015-09-06 23:38:37 +0000},
	Date-Modified = {2015-09-06 23:38:37 +0000},
	Doi = {10.1371/journal.pmed.1000326},
	Journal = {PLoS Med},
	Month = {09},
	Number = {9},
	Pages = {e1000326},
	Publisher = {Public Library of Science},
	Title = {Seventy-Five Trials and Eleven Systematic Reviews a Day: How Will We Ever Keep Up?},
	Url = {http://dx.doi.org/10.1371%2Fjournal.pmed.1000326},
	Volume = {7},
	Year = {2010},
	Bdsk-Url-1 = {http://dx.doi.org/10.1371%2Fjournal.pmed.1000326},
	Bdsk-Url-2 = {http://dx.doi.org/10.1371/journal.pmed.1000326}}
