


@article{guerois2009dynamique,
  title={La dynamique spatio-temporelle des prix immobiliers {\`a} diff{\'e}rentes {\'e}chelles: le cas des appartements anciens {\`a} Paris (1990-2003)},
  author={Gu{\'e}rois, Marianne and Le Goix, Renaud},
  journal={Cybergeo: European Journal of Geography},
  year={2009},
  publisher={CNRS-UMR G{\'e}ographie-cit{\'e}s 8504}
}





@article{pumain2010theorie,
  title={Une th{\'e}orie g{\'e}ographique des villes},
  author={Pumain, Denise},
  journal={Bulletin de la Soci{\'e}t{\'e} g{\'e}ographie de Li{\`e}ge},
  number={55},
  pages={5--15},
  year={2010}
}


@article{10.1371/journal.pone.0176310,
    author = {Bergeaud, Antonin AND Potiron, Yoann AND Raimbault, Juste},
    journal = {PLOS ONE},
    publisher = {Public Library of Science},
    title = {Classifying patents based on their semantic content},
    year = {2017},
    month = {04},
    volume = {12},
    url = {https://doi.org/10.1371/journal.pone.0176310},
    pages = {1-22},
    abstract = {In this paper, we extend some usual techniques of classification resulting from a large-scale data-mining and network approach. This new technology, which in particular is designed to be suitable to big data, is used to construct an open consolidated database from raw data on 4 million patents taken from the US patent office from 1976 onward. To build the pattern network, not only do we look at each patent title, but we also examine their full abstract and extract the relevant keywords accordingly. We refer to this classification as semantic approach in contrast with the more common technological approach which consists in taking the topology when considering US Patent office technological classes. Moreover, we document that both approaches have highly different topological measures and strong statistical evidence that they feature a different model. This suggests that our method is a useful tool to extract endogenous information.},
    number = {4},
    doi = {10.1371/journal.pone.0176310}
}


@article{brunsdon1998geographically,
  title={Geographically weighted regression},
  author={Brunsdon, Chris and Fotheringham, Stewart and Charlton, Martin},
  journal={Journal of the Royal Statistical Society: Series D (The Statistician)},
  volume={47},
  number={3},
  pages={431--443},
  year={1998},
  publisher={Wiley Online Library}
}


@article{pumain2003approche,
  title={Une approche de la complexit{\'e} en g{\'e}ographie},
  author={Pumain, Denise},
  journal={Geocarrefour},
  volume={78},
  number={1},
  pages={25--31},
  year={2003},
  publisher={Association des amis de la Revue de G{\'e}ographie de Lyon}
}





@article{audretsch1996r,
  title={R\&D spillovers and the geography of innovation and production},
  author={Audretsch, David B and Feldman, Maryann P},
  journal={The American economic review},
  volume={86},
  number={3},
  pages={630--640},
  year={1996},
  publisher={JSTOR}
}


@article{cerqueira2017inegalites,
  title={Les in{\'e}galit{\'e}s d’acc{\`e}s aux ressources urbaines dans les franges p{\'e}riph{\'e}riques de Belo Horizonte (Br{\'e}sil): quelles {\'e}volutions?},
  author={Cerqueira, Eug{\^e}nia Viana},
  journal={EchoG{\'e}o},
  number={39},
  year={2017},
  publisher={P{\^o}le de recherche pour l'organisation et la diffusion de l'information g{\'e}ographique (CNRS UMR 8586)}
}



@incollection{durand2003geographes,
  TITLE = {{Les g{\'e}ographes et la notion de causalit{\'e}}},
  AUTHOR = {Durand-Dast{\`e}s, Fran{\c c}ois},
  URL = {https://halshs.archives-ouvertes.fr/halshs-00241841},
  BOOKTITLE = {{Enqu{\^e}te sur la notion de causalit{\'e}}},
  PUBLISHER = {{PUF}},
  PAGES = {145-160},
  YEAR = {2003},
  KEYWORDS = {Explanation Systems ; Explication Syst{\`e}me},
  PDF = {https://halshs.archives-ouvertes.fr/halshs-00241841/file/geocause.pdf},
  HAL_ID = {halshs-00241841},
  HAL_VERSION = {v1},
}


@article{claval1985causalite,
  title={Causalit{\'e} et g{\'e}ographie},
  author={Claval, Paul},
  journal={Espace g{\'e}ographique},
  volume={14},
  number={2},
  pages={109--115},
  year={1985},
  publisher={Pers{\'e}e-Portail des revues scientifiques en SHS}
}



@article{loi1985etude,
  title={Une {\'e}tude de la causalit{\'e} dans la g{\'e}ographie classique fran{\c{c}}aise.[L'exemple des premi{\`e}res th{\`e}ses r{\'e}gionales]},
  author={Loi, Daniel},
  journal={Espace g{\'e}ographique},
  volume={14},
  number={2},
  pages={121--125},
  year={1985},
  publisher={Pers{\'e}e-Portail des revues scientifiques en SHS}
}



@article{desjardins2010bataille,
  title={la bataille du Grand Paris},
  author={Desjardins, Xavier},
  journal={L'Information g{\'e}ographique},
  volume={74},
  number={4},
  pages={29--46},
  year={2010},
  publisher={Armand Colin}
}



@article{beaucire2013grand,
  title={{\guillemotleft}Grand Paris Express{\guillemotright}: un projet au service de la r{\'e}duction des in{\'e}galit{\'e}s d'accessibilit{\'e} entre l'Ouest et l'Est de la r{\'e}gion urbaine de Paris?},
  author={Beaucire, Francis and Drevelle, Matthieu},
  journal={Revue d’{\'E}conomie R{\'e}gionale \& Urbaine},
  number={3},
  pages={437--460},
  year={2013},
  publisher={Armand Colin}
}


@misc{sdrif2013,
  title = {Île-de-France 2030. Orientations réglementaires et carte de destination générale des différentes parties du territoire.},
  author = {SDRIF},
  year = {2013}
}

@misc{stif2007arc,
  title = {ArcExpress, débat public sur le métro de rocade. Dossier du Maitre d'Ouvrage.},
  author = {STIF},
  year={2010}
}





@inproceedings{hamerly2003learning,
  title={Learning the k in k-means},
  author={Hamerly, Greg and Elkan, Charles and others},
  booktitle={NIPS},
  volume={3},
  pages={281--288},
  year={2003}
}


@phdthesis{bretagnolletel00459720,
	Affiliation = {G{\'e}ographie-cit{\'e}s - GC},
	Author = {Bretagnolle, Anne},
	Date-Added = {2015-02-17 16:33:50 +0000},
	Date-Modified = {2015-02-26 14:10:44 +0000},
	Hal_Id = {tel-00459720},
	Keywords = {Ville ; R{\'e}seaux de transport ; Vitesse ; Bases de donn{\'e}es ; Hi{\'e}rarchie ; Accessibilit{\'e} ; G{\'e}ographie urbaine ; Analyse spatiale ; Histoire ; France ; Europe ; Etats-Unis ; 17{\`e}me-20{\`e}me si{\`e}cles.},
	Language = {Fran{\c c}ais},
	Month = Jun,
	Pdf = {http://tel.archives-ouvertes.fr/tel-00459720/PDF/Volume3IneditHDRBretagnolle.pdf},
	School = {Universit{\'e} Panth{\'e}on-Sorbonne - Paris I},
	Title = {{Villes et r{\'e}seaux de transport : des interactions dans la longue dur{\'e}e, France, Europe, {\'E}tats-Unis}},
	Type = {HDR},
	Url = {http://tel.archives-ouvertes.fr/tel-00459720},
	Year = {2009}


@article{crozethalshs01094554,
	Author = {Crozet, Yves and Dumont, Francois},
	Date-Added = {2015-07-08 16:16:42 +0000},
	Date-Modified = {2015-07-08 16:16:42 +0000},
	Hal_Id = {halshs-01094554},
	Hal_Version = {v1},
	Journal = {{Ville, Rail et Transports}},
	Keywords = {transport ferroviaire ; effet socio-{\'e}conomique du transport ; TGV ; transport {\`a} grande vitesse},
	Number = {525},
	Pages = {48-51},
	Pdf = {https://halshs.archives-ouvertes.fr/halshs-01094554/file/VRT_N525_Crozet_Dumont.pdf},
	Title = {{Retour sur les effets {\'e}conomiques du TGV. Les effets structurants sont un mythe (interview)}},
	Url = {https://halshs.archives-ouvertes.fr/halshs-01094554},
	Year = {2011}}

