

@inproceedings{ding2005equivalence,
  title={On the equivalence of nonnegative matrix factorization and spectral clustering},
  author={Ding, Chris and He, Xiaofeng and Simon, Horst D},
  booktitle={Proceedings of the 2005 SIAM International Conference on Data Mining},
  pages={606--610},
  year={2005},
  organization={SIAM}
}

@article{shahnaz2006document,
  title={Document clustering using nonnegative matrix factorization},
  author={Shahnaz, Farial and Berry, Michael W and Pauca, V Paul and Plemmons, Robert J},
  journal={Information Processing \& Management},
  volume={42},
  number={2},
  pages={373--386},
  year={2006},
  publisher={Elsevier}
}

@article{geman_stochastic_1984,
	title = {Stochastic {Relaxation}, {Gibbs} {Distributions}, and the {Bayesian} {Restoration} of {Images}},
	volume = {6},
	issn = {0162-8828},
	url = {http://dx.doi.org/10.1109/TPAMI.1984.4767596},
	doi = {10.1109/TPAMI.1984.4767596},
	number = {6},
	urldate = {2017-12-19},
	journal = {IEEE Trans. Pattern Anal. Mach. Intell.},
	author = {Geman, Stuart and Geman, Donald},
	month = nov,
	year = {1984},
	pages = {721--741}
}
@inproceedings{porteous2008fast,
  title={Fast collapsed gibbs sampling for latent dirichlet allocation},
  author={Porteous, Ian and Newman, David and Ihler, Alexander and Asuncion, Arthur and Smyth, Padhraic and Welling, Max},
  booktitle={Proceedings of the 14th ACM SIGKDD international conference on Knowledge discovery and data mining},
  pages={569--577},
  year={2008},
  organization={ACM}
}




@article{lee_learning_1999,
author = {Lee, Daniel D and Seung, H Sebastian},
title = {{Learning the parts of objects by non-negative matrix factorization}},
journal = {Nature},
year = {1999}
}

@inproceedings{hofmann1999probabilistic,
  title={Probabilistic latent semantic indexing},
  author={Hofmann, Thomas},
  booktitle={Proceedings of the 22nd annual international ACM SIGIR conference on Research and development in information retrieval},
  pages={50--57},
  year={1999},
  organization={ACM}
}

@book{salton_introduction_1986,
	title = {Introduction to {Modern} {Information} {Retrieval}},
	isbn = {978-0-07-054484-0},
	publisher = {McGraw-Hill, Inc.},
	author = {Salton, Gerard and McGill, Michael J.},
	year = {1986}
}

@article{bouveyron2016stochastic,
  title={The stochastic topic block model for the clustering of vertices in networks with textual edges},
  author={Bouveyron, Charles and Latouche, Pierre and Zreik, Rawya},
  journal={Statistics and Computing},
  pages={1--21},
  year={2016},
  publisher={Springer}
}


@article{maisonobe2013diffusion,
  title={Diffusion et structuration spatiale d'une question de recherche en biologie mol{\'e}culaire},
  author={Maisonobe, Marion},
  journal={Mappe Monde},
  volume={110},
  number={2},
  pages={13202},
  year={2013}
}














@incollection{fecher2014open,
	Author = {Fecher, Benedikt and Friesike, Sascha},
	Booktitle = {Opening science},
	Pages = {17--47},
	Publisher = {Springer},
	Title = {Open science: one term, five schools of thought},
	Year = {2014}}




@article{nicosia2009extending,
	Author = {Nicosia, Vincenzo and Mangioni, Giuseppe and Carchiolo, Vincenza and Malgeri, Michele},
	Journal = {Journal of Statistical Mechanics: Theory and Experiment},
	Number = {03},
	Pages = {P03024},
	Title = {Extending the definition of modularity to directed graphs with overlapping communities},
	Volume = {2009},
	Year = {2009}}




@article{wilson2017good,
  title={Good enough practices in scientific computing},
  author={Wilson, G and Bryan, J and Cranston, K and Kitzes, J and
Nederbragt, L and Teal, TK},
  journal={PLoS Comput Biol},
  volume={13},
  number={6},
  pages={e1005510},
  year={2017},
  publisher={Public Library of Science}
}



@Article{10.12688/f1000research.11369.1,
AUTHOR = { Ross-Hellauer, T},
TITLE = {What is open peer review? A systematic review [version 1; referees: 1 approved, 2 approved with reservations]
},
JOURNAL = {F1000Research},
VOLUME = {6},
YEAR = {2017},
NUMBER = {588},
DOI = {10.12688/f1000research.11369.1}
}


@article{chavalarias2013phylomemetic,
  title={Phylomemetic patterns in science evolution—the rise and fall of scientific fields},
  author={Chavalarias, David and Cointet, Jean-Philippe},
  journal={PloS one},
  volume={8},
  number={2},
  pages={e54847},
  year={2013},
  publisher={Public Library of Science}
}



@book{cronin2014beyond,
  title={Beyond bibliometrics: Harnessing multidimensional indicators of scholarly impact},
  author={Cronin, Blaise and Sugimoto, Cassidy R},
  year={2014},
  publisher={MIT Press}
}





@book{jacobs2016death,
  title={The death and life of great American cities},
  author={Jacobs, Jane},
  year={2016},
  publisher={Vintage}
}


@article{shibata2008detecting,
	Author = {Shibata, Naoki and Kajikawa, Yuya and Takeda, Yoshiyuki and Matsushima, Katsumori},
	Journal = {Technovation},
	Number = {11},
	Pages = {758--775},
	Title = {Detecting emerging research fronts based on topological measures in citation networks of scientific publications},
	Volume = {28},
	Year = {2008}}

@article{querriau2004localisation,
  title={Localisation optimale d’unit{\'e}s de soins dans un pays en voie de d{\'e}veloppement: analyse de sensibilit{\'e}},
  author={Querriau, Xavier and Kissiyar, Mohamed and Peeters, Dominique and Thomas, Isabelle},
  journal={Cybergeo: European Journal of Geography},
  year={2004},
  publisher={CNRS-UMR G{\'e}ographie-cit{\'e}s 8504}
}

@article{vallee2009disparites,
  title={Les disparit{\'e}s spatiales de sant{\'e} en ville: l’exemple de Vientiane (Laos)},
  author={Vall{\'e}e, Julie},
  journal={Cybergeo: European Journal of Geography},
  year={2009},
  publisher={CNRS-UMR G{\'e}ographie-cit{\'e}s 8504}
}


@article{belizal2011quand,
  title={Quand l’al{\'e}a devient la ressource: l’activit{\'e} d’extraction des mat{\'e}riaux volcaniques autour du volcan Merapi (Indon{\'e}sie) dans la compr{\'e}hension des risques locaux},
  author={B{\'e}lizal, {\'E}douard de and Lavigne, Franck and Grancher, Delphine},
  journal={Cybergeo: European Journal of Geography},
  year={2011},
  publisher={CNRS-UMR G{\'e}ographie-cit{\'e}s 8504}
}

@article{putra2009einfluss,
  title={Der Einfluss ungesteuerter Urbanisierung auf die Grundwasserressourcen am Beispiel der indonesischen Millionenstadt Yogyakarta},
  author={Putra, Doni PE and Baier, Klaus},
  journal={Cybergeo: European Journal of Geography},
  year={2009},
  publisher={CNRS-UMR G{\'e}ographie-cit{\'e}s 8504}
}

@article{ackermann2003analysis,
  title={Analysis of built-up areas extension on the Petite C{\^o}te region (Senegal) by remote sensing},
  author={Ackermann, Gabriela and Mering, Catherine and Quensiere, Jacques},
  journal={Cybergeo: European Journal of Geography},
  volume={9},
  number={249},
  year={2003},
  publisher={CNRS-UMR G{\'e}ographie-cit{\'e}s 8504}
}

@article{devaux2007extraction,
  title={Extraction automatique d’habitations en milieu rural de PED {\`a} partir de donn{\'e}es THRS},
  author={Devaux, Nicolas and Fotsing, Jean-Marie and Ch{\'e}ry, Jean-Pierre},
  journal={Cybergeo: European Journal of Geography},
  year={2007},
  publisher={CNRS-UMR G{\'e}ographie-cit{\'e}s 8504}
}



@article{jelokhani2012web,
  title={A web 3.0-driven collaborative multicriteria spatial decision support system},
  author={Jelokhani-Niaraki, Mohammadreza and Malczewski, Jacek},
  journal={Cybergeo: European Journal of Geography},
  year={2012},
  publisher={CNRS-UMR G{\'e}ographie-cit{\'e}s 8504}
}
@article{escobar2000distribution,
  title={Distribution of Online Cartographic Products in Australia},
  author={Escobar, Francisco J and Polley, Iestyn S and Williamson, Ian P},
  journal={Cybergeo: European Journal of Geography},
  year={2000},
  publisher={CNRS-UMR G{\'e}ographie-cit{\'e}s 8504}
}


@article{santamaria2009schema,
  title={Le Sch{\'e}ma de d{\'e}veloppement de l’espace communautaire (SDEC): application d{\'e}faillante ou {\'e}laboration probl{\'e}matique?},
  author={Santamaria, Fr{\'e}d{\'e}ric},
  journal={Cybergeo: European journal of geography},
  year={2009},
  publisher={CNRS-UMR G{\'e}ographie-cit{\'e}s 8504}
}
@article{le2011consommation,
  title={Consommation d’{\'e}nergie et mobilit{\'e} quotidienne selon la configuration des densit{\'e}s dans 34 villes europ{\'e}ennes.},
  author={Le N{\'e}chet, Florent},
  journal={Cybergeo: European Journal of Geography},
  year={2011},
  publisher={CNRS-UMR G{\'e}ographie-cit{\'e}s 8504}
}
@article{lusso2009musees,
  title={Les mus{\'e}es, un outil efficace de r{\'e}g{\'e}n{\'e}ration urbaine? Les exemples de Mons (Belgique), Essen (Allemagne) et Manchester (Royaume-Uni)},
  author={Lusso, Bruno},
  journal={Cybergeo: European Journal of Geography},
  year={2009},
  publisher={CNRS-UMR G{\'e}ographie-cit{\'e}s 8504}
}

@article{ozer2005tsunami,
  title={Tsunami en Asie du Sud-Est: retour sur la gestion d’un cataclysme naturel apocalyptique},
  author={Ozer, Pierre and De Longueville, Florence},
  journal={Cybergeo: European Journal of Geography},
  year={2005},
  publisher={CNRS-UMR G{\'e}ographie-cit{\'e}s 8504}
}

@inproceedings{raimbault2016indirect,
  title={Indirect Bibliometrics by Complex Network Analysis},
  author={Raimbault, Juste},
  booktitle={20e Anniversaire de Cybergeo},
  year={2016}
}

@article{livingston_spaces_1995,
  title = {The spaces of knowledge: contributions toward a historical geography of science},
  journal = {{{Environment and planning D}}},
  volume = {13},
  issue = {1},
  pages = {13-42},
  year = {1995},
  author = {Livingstone, David N}
}

@book{livingston_science_2003,
	title = {Puttings science in its place: geographies of scientific knowledge},
	publisher = {The University of Chicago Press},
	author = {Livingstone, David N.},
	year = {2003}
}

@article{withers_place_2009,
  title = {Place and the spatial turn in geography and history},
  journal = {Journal of the History of Ideas},
  volume = {70},
  issue = {4},
  pages = {637-658},
  year = {2009},
  author = {Withers, Charles W. J.}
}

@book{livingston_geography_2005,
	title = {Geography and revolution},
	publisher = {The University of Chicago Press},
	editor = {Livingstone, David N. and Withers, Charles W. J.},
	year = {2005}
}


@Article{blondel_fast_2008,
  Title                    = {Fast unfolding of communities in large networks},
  Author                   = {Blondel, Vincent D. and Guillaume, Jean-Louis and Lambiotte, Renaud and Lefebvre. Emmanuel},
  Journal                  = {Journal of Statistical Mechanics: Theory and Experiment},
  Year                     = {2008},
  Number                   = {10},
  Pages                    = {10008}
}


