


@article{brand2013accelerating,
  title={Accelerating the transformation to a low carbon passenger transport system: The role of car purchase taxes, feebates, road taxes and scrappage incentives in the UK},
  author={Brand, Christian and Anable, Jillian and Tran, Martino},
  journal={Transportation Research Part A: Policy and Practice},
  volume={49},
  pages={132--148},
  year={2013},
  publisher={Elsevier}
}




@article{fullerton2002can,
  title={Can taxes on cars and on gasoline mimic an unavailable tax on emissions?},
  author={Fullerton, Don and West, Sarah E},
  journal={Journal of Environmental Economics and Management},
  volume={43},
  number={1},
  pages={135--157},
  year={2002},
  publisher={Elsevier}
}


@inproceedings{lee2009determinants,
  title={Determinants of crime incidence in Korea: a mixed GWR approach},
  author={Lee, SeongWoo and Kang, DongWoo and Kim, MiYoung},
  booktitle={World conference of the spatial econometrics association},
  pages={8--10},
  year={2009}
}


@article{chen2012using,
  title={Using multilevel modeling and geographically weighted regression to identify spatial variations in the relationship between place-level disadvantages and obesity in Taiwan},
  author={Chen, Duan-Rung and Truong, Khoa},
  journal={Applied Geography},
  volume={32},
  number={2},
  pages={737--745},
  year={2012},
  publisher={Elsevier}
}



@article{tsai2005quantifying,
  title={Quantifying urban form: compactness versus' sprawl'},
  author={Tsai, Yu-Hsin},
  journal={Urban studies},
  volume={42},
  number={1},
  pages={141--161},
  year={2005},
  publisher={Sage Publications Sage UK: London, England}
}



@article{jones1991specifying,
  title={Specifying and estimating multi-level models for geographical research},
  author={Jones, Kelvyn},
  journal={Transactions of the institute of British geographers},
  pages={148--159},
  year={1991},
  publisher={JSTOR}
}



@article{gautier2015dynamics,
  title={The dynamics of gasoline prices: Evidence from daily French micro data},
  author={Gautier, Erwan and Saout, Ronan Le},
  journal={Journal of Money, Credit and Banking},
  volume={47},
  number={6},
  pages={1063--1089},
  year={2015},
  publisher={Wiley Online Library}
}


@article{tan2013social,
  title={Social-network-sourced big data analytics},
  author={Tan, Wei and Blake, M Brian and Saleh, Iman and Dustdar, Schahram},
  journal={IEEE Internet Computing},
  volume={17},
  number={5},
  pages={62--69},
  year={2013},
  publisher={IEEE}
}



@article{brunsdon1996geographically,
  title={Geographically weighted regression: a method for exploring spatial nonstationarity},
  author={Brunsdon, Chris and Fotheringham, A Stewart and Charlton, Martin E},
  journal={Geographical analysis},
  volume={28},
  number={4},
  pages={281--298},
  year={1996},
  publisher={Wiley Online Library}
}


@article{dupuy2015sciences,
  title={Sciences urbaines: interdisciplinarit{\'e}s passive, na{\"\i}ve, transitive, offensive},
  author={Dupuy, Gabriel and Benguigui, Lucien Gilles},
  journal={M{\'e}tropoles},
  number={16},
  year={2015},
  publisher={ENTPE}
}


@article{batty2013big,
	Author = {Batty, Michael},
	Date-Added = {2017-03-20 10:20:20 +0000},
	Date-Modified = {2017-03-20 10:20:20 +0000},
	Journal = {Dialogues in Human Geography},
	Number = {3},
	Pages = {274--279},
	Publisher = {SAGE Publications Sage UK: London, England},
	Title = {Big data, smart cities and city planning},
	Volume = {3},
	Year = {2013},
	Bdsk-File-1 = {YnBsaXN0MDDUAQIDBAUGJCVYJHZlcnNpb25YJG9iamVjdHNZJGFyY2hpdmVyVCR0b3ASAAGGoKgHCBMUFRYaIVUkbnVsbNMJCgsMDxJXTlMua2V5c1pOUy5vYmplY3RzViRjbGFzc6INDoACgAOiEBGABIAFgAdccmVsYXRpdmVQYXRoWWFsaWFzRGF0YV8QMy4uLy4uL0JpYmxpby9Eb2NzL0JhdHR5QmlnRGF0YV8yMDQzODIwNjEzNTEzMzkwLnBkZtIXCxgZV05TLmRhdGFPEQIiAAAAAAIiAAIAAAxNYWNpbnRvc2ggSEQAAAAAAAAAAAAAAAAAAADKQQYMSCsAAARZeP0fQmF0dHlCaWdEYXRhXzIwNDM4MiM0ODNGM0MyLnBkZgAAAAAAAAAAAAAAAAAAAAAAAAAAAAAAAAAAAAAAAAAABIPzwtT1azIAAAAAAAAAAAACAAMAAAkgAAAAAAAAAAAAAAAAAAAABERvY3MAEAAIAADKQOnsAAAAEQAIAADU9V0iAAAAAQAcBFl4/QRZePsEWXj5AJDCKQAFAhUABQIUAAC+7AACAHBNYWNpbnRvc2ggSEQ6VXNlcnM6AEp1c3RlOgBEb2N1bWVudHM6AENvbXBsZXhTeXN0ZW1zOgBFbmVyZ3lQcmljZToAQmlibGlvOgBEb2NzOgBCYXR0eUJpZ0RhdGFfMjA0MzgyIzQ4M0YzQzIucGRmAA4ARAAhAEIAYQB0AHQAeQBCAGkAZwBEAGEAdABhAF8AMgAwADQAMwA4ADIAMAA2ADEAMwA1ADEAMwAzADkAMAAuAHAAZABmAA8AGgAMAE0AYQBjAGkAbgB0AG8AcwBoACAASABEABIAXlVzZXJzL0p1c3RlL0RvY3VtZW50cy9Db21wbGV4U3lzdGVtcy9FbmVyZ3lQcmljZS9CaWJsaW8vRG9jcy9CYXR0eUJpZ0RhdGFfMjA0MzgyMDYxMzUxMzM5MC5wZGYAEwABLwAAFQACAAz//wAAgAbSGxwdHlokY2xhc3NuYW1lWCRjbGFzc2VzXU5TTXV0YWJsZURhdGGjHR8gVk5TRGF0YVhOU09iamVjdNIbHCIjXE5TRGljdGlvbmFyeaIiIF8QD05TS2V5ZWRBcmNoaXZlctEmJ1Ryb290gAEACAARABoAIwAtADIANwBAAEYATQBVAGAAZwBqAGwAbgBxAHMAdQB3AIQAjgDEAMkA0QL3AvkC/gMJAxIDIAMkAysDNAM5A0YDSQNbA14DYwAAAAAAAAIBAAAAAAAAACgAAAAAAAAAAAAAAAAAAANl}}

@article{combes2005transport,
	Author = {Combes, Pierre-Philippe and Lafourcade, Miren},
	Journal = {Journal of Economic Geography},
	Number = {3},
	Pages = {319--349},
	Publisher = {Oxford Univ Press},
	Title = {Transport costs: measures, determinants, and regional policy implications for France},
	Volume = {5},
	Year = {2005}}

@article{gregg2009temporal,
	Author = {Gregg, Jay S and Losey, London M and Andres, Robert J and Blasing, TJ and Marland, Gregg},
	Journal = {Journal of Applied Meteorology and Climatology},
	Number = {12},
	Pages = {2528--2542},
	Title = {The temporal and spatial distribution of carbon dioxide emissions from fossil-fuel use in North America},
	Volume = {48},
	Year = {2009}}

@article{macharis2010decision,
	Author = {Macharis, Cathy and Van Hoeck, Ellen and Pekin, Ethem and Van Lier, Tom},
	Journal = {Transportation Research Part A: Policy and Practice},
	Number = {7},
	Pages = {550--561},
	Publisher = {Elsevier},
	Title = {A decision analysis framework for intermodal transport: Comparing fuel price increases and the internalisation of external costs},
	Volume = {44},
	Year = {2010}}

@article{rietveld2005fuel,
	Author = {Rietveld, Piet and van Woudenberg, Stefan},
	Journal = {Energy Economics},
	Number = {1},
	Pages = {79--92},
	Publisher = {Elsevier},
	Title = {Why fuel prices differ},
	Volume = {27},
	Year = {2005}}

@article{rietveld2001spatial,
	Author = {Rietveld, Piet and Bruinsma, FR and Van Vuuren, DJ},
	Journal = {Transportation Research Part A: Policy and Practice},
	Number = {5},
	Pages = {433--457},
	Publisher = {Elsevier},
	Title = {Spatial graduation of fuel taxes; consequences for cross-border and domestic fuelling},
	Volume = {35},
	Year = {2001}}
