%% put biblio in bibtex format here




@article{mimeur:hal-01616746,
	Author = {Mimeur, Christophe and Queyroi, Fran{\c c}ois and Banos, Arnaud and Th{\'e}venin, Thomas},
	Journal = {{Historical Methods: A Journal of Quantitative and Interdisciplinary History}},
	Title = {{Revisiting the structuring effect of transportation infrastructure: an empirical approach with the French Railway Network from 1860 to 1910}},
	Year = {2017}}





@article{jacobs2016transport,
  title={Transport link scanner: simulating geographic transport network expansion through individual investments},
  author={Jacobs-Crisioni, Chris and Koopmans, Carl C},
  journal={Journal of Geographical Systems},
  volume={18},
  number={3},
  pages={265--301},
  year={2016},
  publisher={Springer}
}


@incollection{yusufzyanova2011forecasting,
  title={Forecasting Transportation Network Evolution and Performance under Existing and Alternative Transportation Planning Processes},
  author={Yusufzyanova, Dilya and Zhang, Lei},
  booktitle={ICCTP 2011: Towards Sustainable Transportation Systems},
  pages={4145--4156},
  year={2011}
}





@article{li2016integrated,
  title={Integrated co-evolution model of land use and traffic network design},
  author={Li, Tongfei and Wu, Jianjun and Sun, Huijun and Gao, Ziyou},
  journal={Networks and Spatial Economics},
  volume={16},
  number={2},
  pages={579--603},
  year={2016},
  publisher={Springer}
}


@incollection{yusufzyanova2011forecasting,
  title={Forecasting Transportation Network Evolution and Performance under Existing and Alternative Transportation Planning Processes},
  author={Yusufzyanova, Dilya and Zhang, Lei},
  booktitle={ICCTP 2011: Towards Sustainable Transportation Systems},
  pages={4145--4156},
  year={2011}
}




@article{weng2002land,
  title={Land use change analysis in the Zhujiang Delta of China using satellite remote sensing, GIS and stochastic modelling},
  author={Weng, Qihao},
  journal={Journal of environmental management},
  volume={64},
  number={3},
  pages={273--284},
  year={2002},
  publisher={Elsevier}
}



@article{ge2011application,
  title={Application of rough set-based analysis to extract spatial relationship indicator rules: An example of land use in Pearl River Delta},
  author={Ge, Yong and Cao, Feng and Du, Yunyan and Lakhan, V Chris and Wang, Yingjie and Li, Deyu},
  journal={Journal of Geographical Sciences},
  volume={21},
  number={1},
  pages={101--117},
  year={2011},
  publisher={Springer}
}



@article{lee2012multi,
  title={Multi-objective game-theory models for conflict analysis in reservoir watershed management},
  author={Lee, Chih-Sheng},
  journal={Chemosphere},
  volume={87},
  number={6},
  pages={608--613},
  year={2012},
  publisher={Elsevier}
}





@article{xie2009jurisdictional,
  title={Jurisdictional control and network growth},
  author={Xie, Feng and Levinson, David},
  journal={Networks and Spatial Economics},
  volume={9},
  number={3},
  pages={459--483},
  year={2009},
  publisher={Springer}
}

@article{levinson2012forecasting,
	Author = {Levinson, David and Xie, Feng and Oca, Norah M},
	Journal = {Networks and Spatial Economics},
	Number = {2},
	Pages = {239--262},
	Title = {Forecasting and evaluating network growth},
	Volume = {12},
	Year = {2012}}




@article{liao2017ouverture,
  title={L’ouverture au march{\'e} en Chine (ann{\'e}es 1980-2000) et le d{\'e}veloppement {\'e}conomique local: une forme de gouvernance multi-niveaux?},
  author={Liao, Liao and Gaudin, Jean Pierre},
  journal={Cybergeo: European Journal of Geography},
  year={2017},
  publisher={CNRS-UMR G{\'e}ographie-cit{\'e}s 8504}
}




@inproceedings{zembri1993tgv,
  title={TGV—R{\'e}seau ferr{\'e} classique: des rendez-vous manqu{\'e}s?},
  author={Zembri, Pierre},
  booktitle={Annales de g{\'e}ographie},
  volume={102},
  number={571},
  pages={282--295},
  year={1993},
  organization={JSTOR}
}

@article{xie2009modeling,
  title={Modeling the growth of transportation networks: a comprehensive review},
  author={Xie, Feng and Levinson, David},
  journal={Networks and Spatial Economics},
  volume={9},
  number={3},
  pages={291--307},
  year={2009},
  publisher={Springer}
}

@article{courtat2011mathematics,
	Author = {Courtat, Thomas and Gloaguen, Catherine and Douady, Stephane},
	Journal = {Physical Review E},
	Number = {3},
	Pages = {036106},
	Title = {Mathematics and morphogenesis of cities: A geometrical approach},
	Volume = {83},
	Year = {2011}}



@phdthesis{schmitt2014modelisation,
  title={Mod{\'e}lisation de la dynamique des syst{\`e}mes de peuplement: de SimpopLocal {\`a} SimpopNet.},
  author={Schmitt, Clara},
  year={2014},
  school={Paris 1}
}

@article{raimbault2016models,
  title={Models Coupling Urban Growth and Transportation Network Growth: An Algorithmic Systematic Review Approach},
  author={Raimbault, Juste},
  journal={arXiv preprint arXiv:1605.08888},
  year={2016}
}


@article{hou2011transport,
  title={Transport infrastructure development and changing spatial accessibility in the Greater Pearl River Delta, China, 1990--2020},
  author={Hou, Quan and Li, Si-Ming},
  journal={Journal of Transport Geography},
  volume={19},
  number={6},
  pages={1350--1360},
  year={2011},
  publisher={Elsevier}
}





@article{innes2010strategies,
  title={Strategies for megaregion governance: Collaborative dialogue, networks, and self-organization},
  author={Innes, Judith E and Booher, David E and Di Vittorio, Sarah},
  journal={Journal of the American Planning Association},
  volume={77},
  number={1},
  pages={55--67},
  year={2010},
  publisher={Taylor \& Francis}
}







@unpublished{lenechet2012,
	Author = {Le Nechet, Florent},
	Title = {Am{\'e}nagement urbain et jeux d'{\'e}chelles : construction {\`a} plusieurs niveaux d'un r{\'e}seau de transport m{\'e}tropolitain},
	Year = {2012}}



@phdthesis{bretagnolle:tel-00459720,
	Author = {Bretagnolle, Anne},
	Month = Jun,
	School = {Universit{\'e} Panth{\'e}on-Sorbonne - Paris I},
	Title = {{Villes et r{\'e}seaux de transport : des interactions dans la longue dur{\'e}e, France, Europe, {\'E}tats-Unis}},
	Type = {HDR},
	Year = {2009}}


@article{xue2006spatial,
	Author = {Xue-Qiang, XU and Yu-Hong, Cheng},
	Date-Added = {2016-11-23 10:05:11 +0000},
	Date-Modified = {2016-11-23 10:05:11 +0000},
	Journal = {Scientia Geographica Sinica},
	Pages = {000},
	Title = {Spatial-temporal Changes of Urban Competitiveness in Urban Cluster of Pearl River Delta [J]},
	Volume = {3},
	Year = {2006}}

@article{shen2002urban,
	Author = {Shen, Jianfa},
	Date-Added = {2016-11-23 09:20:57 +0000},
	Date-Modified = {2016-11-23 09:20:57 +0000},
	Journal = {Progress in Planning},
	Number = {2},
	Pages = {91--140},
	Publisher = {Elsevier},
	Title = {Urban and regional development in post-reform China: the case of Zhujiang delta},
	Volume = {57},
	Year = {2002}}

@article{xu2005city,
	Author = {Xu, Jiang and Yeh, Anthony GO},
	Date-Added = {2016-11-23 08:36:04 +0000},
	Date-Modified = {2016-11-23 08:36:04 +0000},
	Journal = {International Journal of Urban and Regional Research},
	Number = {2},
	Pages = {283--308},
	Publisher = {Wiley Online Library},
	Title = {City repositioning and competitiveness building in regional development: New development strategies in Guangzhou, China},
	Volume = {29},
	Year = {2005}}

@book{hall2006polycentric,
  title={The polycentric metropolis: learning from mega-city regions in Europe},
  author={Hall, Peter Geoffrey and Pain, Kathy},
  year={2006},
  publisher={Routledge}
}


@article{holz2014travel,
  title={Travel distances in daily travel and long-distance travel: what role is played by urban form?},
  author={Holz-Rau, Christian and Scheiner, Joachim and Sicks, Kathrin},
  journal={Environment and Planning A},
  volume={46},
  number={2},
  pages={488--507},
  year={2014},
  publisher={SAGE Publications}
}

@article{bonnafous1996systeme,
  title={Le syst{\`e}me des transports urbains},
  author={Bonnafous, Alain},
  journal={Economie et statistique},
  volume={294},
  number={1},
  pages={99--108},
  year={1996},
  publisher={Pers{\'e}e-Portail des revues scientifiques en SHS}
}
@inproceedings{verdier2007extension,
  title={L'extension du r{\'e}seau des routes de poste en France, de 1708 {\`a} 1833},
  author={Verdier, Nicolas and Bretagnolle, Anne},
  booktitle={histoire des r{\'e}seaux postaux en Europe du XVIIIe au XXIe si{\`e}cle},
  pages={155--193},
  year={2007},
  organization={Comit{\'e} pour l'histoire de la Poste}
}
@book{lowry1964model,
  title={A model of metropolis},
  author={Lowry, Ira S},
  year={1964},
  publisher={Rand Corporation Santa Monica, CA}
}
@book{ordeshook1986game,
	Author = {Ordeshook, Peter C},
	Publisher = {Cambridge University Press},
	Title = {Game theory and political theory: An introduction},
	Year = {1986}}
@article{wegener2004land,
  title={Land-use transport interaction: state of the art},
  author={Wegener, Michael and F{\"u}rst, Franz},
  year={2004}
}

@article{taubenbock2014new,
  title={New dimensions of urban landscapes: The spatio-temporal evolution from a polynuclei area to a mega-region based on remote sensing data},
  author={Taubenb{\"o}ck, Hannes and Wiesner, Michael and Felbier, Andreas and Marconcini, Mattia and Esch, Thomas and Dech, Stefan},
  journal={Applied Geography},
  volume={47},
  pages={137--153},
  year={2014},
  publisher={Elsevier}
}

@article{Roumboutsos2008209,
	Author = {Athena Roumboutsos and Seraphim Kapros},
	Journal = {Transport Policy},
	Number = {4},
	Pages = {209 - 215},
	Title = {A game theory approach to urban public transport integration policy},
	Volume = {15},
	Year = {2008}}


@inproceedings{tretyakov2011fast,
	Author = {Tretyakov, Konstantin and Armas-Cervantes, Abel and Garc{\'\i}a-Ba{\~n}uelos, Luciano and Vilo, Jaak and Dumas, Marlon},
	Booktitle = {Proceedings of the 20th ACM international conference on Information and knowledge management},
	Organization = {ACM},
	Pages = {1785--1794},
	Title = {Fast fully dynamic landmark-based estimation of shortest path distances in very large graphs},
	Year = {2011}}



@article{wilensky1999netlogo,
	Author = {Wilensky, Uri},
	Title = {NetLogo},
	Year = {1999}}



@article{le2015modeling,
	Author = {Le N{\'e}chet, Florent and Raimbault, Juste},
	Journal = {Plurimondi. An International Forum for Research and Debate on Human Settlements},
	Number = {15},
	Title = {Modeling the emergence of metropolitan transport autorithy in a polycentric urban region},
	Volume = {7},
	Year = {2015}}




@phdthesis{le2010approche,
	Author = {Le Nechet, Florent},
	School = {Universit{\'e} Paris-Est},
	Title = {Approche multiscalaire des liens entre mobilit{\'e} quotidienne, morphologie et soutenabilit{\'e} des m{\'e}tropoles europ{\'e}ennes: cas de Paris et de la r{\'e}gion Rhin-Ruhr},
	Year = {2010}}



