%% This BibTeX bibliography file was created using BibDesk.
%% http://bibdesk.sourceforge.net/

%% Created for Juste Raimbault at 2017-12-28 16:04:51 +0100 


%% Saved with string encoding Western (ISO Latin 1) 



@article{grimm2005pattern,
	Author = {Grimm, Volker and Revilla, Eloy and Berger, Uta and Jeltsch, Florian and Mooij, Wolf M and Railsback, Steven F and Thulke, Hans-Hermann and Weiner, Jacob and Wiegand, Thorsten and DeAngelis, Donald L},
	Date-Added = {2015-11-24 15:47:24 +0000},
	Date-Modified = {2015-11-24 15:47:24 +0000},
	Journal = {science},
	Number = {5750},
	Pages = {987--991},
	Publisher = {American Association for the Advancement of Science},
	Title = {Pattern-oriented modeling of agent-based complex systems: lessons from ecology},
	Volume = {310},
	Year = {2005},
	Bdsk-File-1 = {YnBsaXN0MDDUAQIDBAUGJCVYJHZlcnNpb25YJG9iamVjdHNZJGFyY2hpdmVyVCR0b3ASAAGGoKgHCBMUFRYaIVUkbnVsbNMJCgsMDxJXTlMua2V5c1pOUy5vYmplY3RzViRjbGFzc6INDoACgAOiEBGABIAFgAdccmVsYXRpdmVQYXRoWWFsaWFzRGF0YV8QNURvY3MvUGF0dGVybk9yaWVudGVkTW9kZWxpbmdfR3JpbW1FdEFsMjAwNVNjaWVuY2UucGRm0hcLGBlXTlMuZGF0YU8RAlgAAAAAAlgAAgAADE1hY2ludG9zaCBIRAAAAAAAAAAAAAAAAAAAAMpBBgxIKwAAA4XpFR9QYXR0ZXJuT3JpZW50ZWRNb2RlIzNCMUQ1MjgucGRmAAAAAAAAAAAAAAAAAAAAAAAAAAAAAAAAAAAAAAAAAAADsdUo0npE/QAAAAAAAAAAAAEAAwAACSAAAAAAAAAAAAAAAAAAAAAERG9jcwAQAAgAAMpA6ewAAAARAAgAANJ6Nu0AAAABABwDhekVA4XpFANyYX8AkMIpAAUCFQAFAhQAAL7sAAIAdE1hY2ludG9zaCBIRDpVc2VyczoASnVzdGU6AERvY3VtZW50czoAQ29tcGxleFN5c3RlbXM6AE1lZGlhdGlvbkVjb3RveDoAQmlibGlvOgBEb2NzOgBQYXR0ZXJuT3JpZW50ZWRNb2RlIzNCMUQ1MjgucGRmAA4AYgAwAFAAYQB0AHQAZQByAG4ATwByAGkAZQBuAHQAZQBkAE0AbwBkAGUAbABpAG4AZwBfAEcAcgBpAG0AbQBFAHQAQQBsADIAMAAwADUAUwBjAGkAZQBuAGMAZQAuAHAAZABmAA8AGgAMAE0AYQBjAGkAbgB0AG8AcwBoACAASABEABIAcVVzZXJzL0p1c3RlL0RvY3VtZW50cy9Db21wbGV4U3lzdGVtcy9NZWRpYXRpb25FY290b3gvQmlibGlvL0RvY3MvUGF0dGVybk9yaWVudGVkTW9kZWxpbmdfR3JpbW1FdEFsMjAwNVNjaWVuY2UucGRmAAATAAEvAAAVAAIADP//AACABtIbHB0eWiRjbGFzc25hbWVYJGNsYXNzZXNdTlNNdXRhYmxlRGF0YaMdHyBWTlNEYXRhWE5TT2JqZWN00hscIiNcTlNEaWN0aW9uYXJ5oiIgXxAPTlNLZXllZEFyY2hpdmVy0SYnVHJvb3SAAQAIABEAGgAjAC0AMgA3AEAARgBNAFUAYABnAGoAbABuAHEAcwB1AHcAhACOAMYAywDTAy8DMQM2A0EDSgNYA1wDYwNsA3EDfgOBA5MDlgObAAAAAAAAAgEAAAAAAAAAKAAAAAAAAAAAAAAAAAAAA50=}}

@article{landers2014developing,
	Author = {Landers, Richard N},
	Date-Added = {2015-11-24 15:45:26 +0000},
	Date-Modified = {2015-11-24 15:45:26 +0000},
	Journal = {Simulation \& Gaming},
	Number = {6},
	Pages = {752--768},
	Publisher = {SAGE Publications},
	Title = {Developing a Theory of Gamified Learning Linking Serious Games and Gamification of Learning},
	Volume = {45},
	Year = {2014},
	Bdsk-File-1 = {YnBsaXN0MDDUAQIDBAUGJCVYJHZlcnNpb25YJG9iamVjdHNZJGFyY2hpdmVyVCR0b3ASAAGGoKgHCBMUFRYaIVUkbnVsbNMJCgsMDxJXTlMua2V5c1pOUy5vYmplY3RzViRjbGFzc6INDoACgAOiEBGABIAFgAdccmVsYXRpdmVQYXRoWWFsaWFzRGF0YV8QLkRvY3MvU2ltdWxhdGlvbiBHYW1pbmctMjAxNC1MYW5kZXJzLTc1Mi02OC5wZGbSFwsYGVdOUy5kYXRhTxECQgAAAAACQgACAAAMTWFjaW50b3NoIEhEAAAAAAAAAAAAAAAAAAAAykEGDEgrAAADhekVH1NpbXVsYXRpb24gR2FtaW5nLTIjM0IxRDNDOC5wZGYAAAAAAAAAAAAAAAAAAAAAAAAAAAAAAAAAAAAAAAAAAAOx08jSekSUAAAAAAAAAAAAAQADAAAJIAAAAAAAAAAAAAAAAAAAAAREb2NzABAACAAAykDp7AAAABEACAAA0no2hAAAAAEAHAOF6RUDhekUA3JhfwCQwikABQIVAAUCFAAAvuwAAgB0TWFjaW50b3NoIEhEOlVzZXJzOgBKdXN0ZToARG9jdW1lbnRzOgBDb21wbGV4U3lzdGVtczoATWVkaWF0aW9uRWNvdG94OgBCaWJsaW86AERvY3M6AFNpbXVsYXRpb24gR2FtaW5nLTIjM0IxRDNDOC5wZGYADgBUACkAUwBpAG0AdQBsAGEAdABpAG8AbgAgAEcAYQBtAGkAbgBnAC0AMgAwADEANAAtAEwAYQBuAGQAZQByAHMALQA3ADUAMgAtADYAOAAuAHAAZABmAA8AGgAMAE0AYQBjAGkAbgB0AG8AcwBoACAASABEABIAalVzZXJzL0p1c3RlL0RvY3VtZW50cy9Db21wbGV4U3lzdGVtcy9NZWRpYXRpb25FY290b3gvQmlibGlvL0RvY3MvU2ltdWxhdGlvbiBHYW1pbmctMjAxNC1MYW5kZXJzLTc1Mi02OC5wZGYAEwABLwAAFQACAAz//wAAgAbSGxwdHlokY2xhc3NuYW1lWCRjbGFzc2VzXU5TTXV0YWJsZURhdGGjHR8gVk5TRGF0YVhOU09iamVjdNIbHCIjXE5TRGljdGlvbmFyeaIiIF8QD05TS2V5ZWRBcmNoaXZlctEmJ1Ryb290gAEACAARABoAIwAtADIANwBAAEYATQBVAGAAZwBqAGwAbgBxAHMAdQB3AIQAjgC/AMQAzAMSAxQDGQMkAy0DOwM/A0YDTwNUA2EDZAN2A3kDfgAAAAAAAAIBAAAAAAAAACgAAAAAAAAAAAAAAAAAAAOA}}

@incollection{reynard2015application,
	Author = {Reynard, Emmanuel and Kaiser, Christian and Martin, Simon and Regolini, G{\'e}raldine},
	Booktitle = {Engineering Geology for Society and Territory-Volume 8},
	Date-Added = {2015-11-24 15:45:01 +0000},
	Date-Modified = {2015-11-24 15:45:01 +0000},
	Pages = {265--268},
	Publisher = {Springer},
	Title = {An Application for Geosciences Communication by Smartphones and Tablets},
	Year = {2015}}

@article{morris2013gaming,
	Author = {Morris, Bradley J and Croker, Steve and Zimmerman, Corinne and Gill, Devin and Romig, Connie},
	Date-Added = {2015-11-24 15:44:23 +0000},
	Date-Modified = {2015-11-24 15:44:23 +0000},
	Journal = {Frontiers in psychology},
	Publisher = {Frontiers Media SA},
	Title = {Gaming science: the ``Gamification'' of scientific thinking},
	Volume = {4},
	Year = {2013},
	Bdsk-File-1 = {YnBsaXN0MDDUAQIDBAUGJCVYJHZlcnNpb25YJG9iamVjdHNZJGFyY2hpdmVyVCR0b3ASAAGGoKgHCBMUFRYaIVUkbnVsbNMJCgsMDxJXTlMua2V5c1pOUy5vYmplY3RzViRjbGFzc6INDoACgAOiEBGABIAFgAdccmVsYXRpdmVQYXRoWWFsaWFzRGF0YV8QJURvY3MvR2FtaW5nU2NpZW5jZV9mcHN5Zy0wNC0wMDYwNy5wZGbSFwsYGVdOUy5kYXRhTxECKAAAAAACKAACAAAMTWFjaW50b3NoIEhEAAAAAAAAAAAAAAAAAAAAykEGDEgrAAADhekVH0dhbWluZ1NjaWVuY2VfZnBzeWcjM0IxRDM0NS5wZGYAAAAAAAAAAAAAAAAAAAAAAAAAAAAAAAAAAAAAAAAAAAOx00XSekRNAAAAAAAAAAAAAQADAAAJIAAAAAAAAAAAAAAAAAAAAAREb2NzABAACAAAykDp7AAAABEACAAA0no2PQAAAAEAHAOF6RUDhekUA3JhfwCQwikABQIVAAUCFAAAvuwAAgB0TWFjaW50b3NoIEhEOlVzZXJzOgBKdXN0ZToARG9jdW1lbnRzOgBDb21wbGV4U3lzdGVtczoATWVkaWF0aW9uRWNvdG94OgBCaWJsaW86AERvY3M6AEdhbWluZ1NjaWVuY2VfZnBzeWcjM0IxRDM0NS5wZGYADgBCACAARwBhAG0AaQBuAGcAUwBjAGkAZQBuAGMAZQBfAGYAcABzAHkAZwAtADAANAAtADAAMAA2ADAANwAuAHAAZABmAA8AGgAMAE0AYQBjAGkAbgB0AG8AcwBoACAASABEABIAYVVzZXJzL0p1c3RlL0RvY3VtZW50cy9Db21wbGV4U3lzdGVtcy9NZWRpYXRpb25FY290b3gvQmlibGlvL0RvY3MvR2FtaW5nU2NpZW5jZV9mcHN5Zy0wNC0wMDYwNy5wZGYAABMAAS8AABUAAgAM//8AAIAG0hscHR5aJGNsYXNzbmFtZVgkY2xhc3Nlc11OU011dGFibGVEYXRhox0fIFZOU0RhdGFYTlNPYmplY3TSGxwiI1xOU0RpY3Rpb25hcnmiIiBfEA9OU0tleWVkQXJjaGl2ZXLRJidUcm9vdIABAAgAEQAaACMALQAyADcAQABGAE0AVQBgAGcAagBsAG4AcQBzAHUAdwCEAI4AtgC7AMMC7wLxAvYDAQMKAxgDHAMjAywDMQM+A0EDUwNWA1sAAAAAAAACAQAAAAAAAAAoAAAAAAAAAAAAAAAAAAADXQ==}}

@article{cain2015serious,
	Author = {Cain, Jeff and Piascik, Peggy},
	Date-Added = {2015-11-24 15:43:44 +0000},
	Date-Modified = {2015-11-24 15:43:44 +0000},
	Journal = {American journal of pharmaceutical education},
	Number = {4},
	Publisher = {American Association of Colleges of Pharmacy},
	Title = {Are Serious Games a Good Strategy for Pharmacy Education?},
	Volume = {79},
	Year = {2015},
	Bdsk-File-1 = {YnBsaXN0MDDUAQIDBAUGJCVYJHZlcnNpb25YJG9iamVjdHNZJGFyY2hpdmVyVCR0b3ASAAGGoKgHCBMUFRYaIVUkbnVsbNMJCgsMDxJXTlMua2V5c1pOUy5vYmplY3RzViRjbGFzc6INDoACgAOiEBGABIAFgAdccmVsYXRpdmVQYXRoWWFsaWFzRGF0YV8QJ0RvY3MvU2VyaW91c0dhbWVzUGhhcm1hY3lfYWpwZTc5NDQ3LnBkZtIXCxgZV05TLmRhdGFPEQIuAAAAAAIuAAIAAAxNYWNpbnRvc2ggSEQAAAAAAAAAAAAAAAAAAADKQQYMSCsAAAOF6RUfU2VyaW91c0dhbWVzUGhhcm1hYyMzQjFEMzEyLnBkZgAAAAAAAAAAAAAAAAAAAAAAAAAAAAAAAAAAAAAAAAAAA7HTEtJ6RBsAAAAAAAAAAAABAAMAAAkgAAAAAAAAAAAAAAAAAAAABERvY3MAEAAIAADKQOnsAAAAEQAIAADSejYLAAAAAQAcA4XpFQOF6RQDcmF/AJDCKQAFAhUABQIUAAC+7AACAHRNYWNpbnRvc2ggSEQ6VXNlcnM6AEp1c3RlOgBEb2N1bWVudHM6AENvbXBsZXhTeXN0ZW1zOgBNZWRpYXRpb25FY290b3g6AEJpYmxpbzoARG9jczoAU2VyaW91c0dhbWVzUGhhcm1hYyMzQjFEMzEyLnBkZgAOAEYAIgBTAGUAcgBpAG8AdQBzAEcAYQBtAGUAcwBQAGgAYQByAG0AYQBjAHkAXwBhAGoAcABlADcAOQA0ADQANwAuAHAAZABmAA8AGgAMAE0AYQBjAGkAbgB0AG8AcwBoACAASABEABIAY1VzZXJzL0p1c3RlL0RvY3VtZW50cy9Db21wbGV4U3lzdGVtcy9NZWRpYXRpb25FY290b3gvQmlibGlvL0RvY3MvU2VyaW91c0dhbWVzUGhhcm1hY3lfYWpwZTc5NDQ3LnBkZgAAEwABLwAAFQACAAz//wAAgAbSGxwdHlokY2xhc3NuYW1lWCRjbGFzc2VzXU5TTXV0YWJsZURhdGGjHR8gVk5TRGF0YVhOU09iamVjdNIbHCIjXE5TRGljdGlvbmFyeaIiIF8QD05TS2V5ZWRBcmNoaXZlctEmJ1Ryb290gAEACAARABoAIwAtADIANwBAAEYATQBVAGAAZwBqAGwAbgBxAHMAdQB3AIQAjgC4AL0AxQL3AvkC/gMJAxIDIAMkAysDNAM5A0YDSQNbA14DYwAAAAAAAAIBAAAAAAAAACgAAAAAAAAAAAAAAAAAAANl}}

@article{hu2015information,
	Author = {Hu, Feng and Nie, Li-Juan and Fu, Shi-Jian},
	Date-Added = {2015-10-30 11:04:11 +0000},
	Date-Modified = {2015-10-30 11:04:11 +0000},
	Journal = {Entropy},
	Number = {10},
	Pages = {7230--7241},
	Publisher = {Multidisciplinary Digital Publishing Institute},
	Title = {Information Dynamics in the Interaction between a Prey and a Predator Fish},
	Volume = {17},
	Year = {2015},
	Bdsk-File-1 = {YnBsaXN0MDDUAQIDBAUGJCVYJHZlcnNpb25YJG9iamVjdHNZJGFyY2hpdmVyVCR0b3ASAAGGoKgHCBMUFRYaIVUkbnVsbNMJCgsMDxJXTlMua2V5c1pOUy5vYmplY3RzViRjbGFzc6INDoACgAOiEBGABIAFgAdccmVsYXRpdmVQYXRoWWFsaWFzRGF0YV8QOURvY3MvVHJhbnNmZXJFbnRyb3B5X1ByZXlQcmVkYXRvcl9lbnRyb3B5LTE3LTA3MjMwLXYyLnBkZtIXCxgZV05TLmRhdGFPEQJkAAAAAAJkAAIAAAxNYWNpbnRvc2ggSEQAAAAAAAAAAAAAAAAAAADKQQYMSCsAAAOF6RUfVHJhbnNmZXJFbnRyb3B5X1ByZSMzODVFOTBGLnBkZgAAAAAAAAAAAAAAAAAAAAAAAAAAAAAAAAAAAAAAAAAAA4XpD9JZDN0AAAAAAAAAAAABAAMAAAkgAAAAAAAAAAAAAAAAAAAABERvY3MAEAAIAADKQOnsAAAAEQAIAADSWP7NAAAAAQAcA4XpFQOF6RQDcmF/AJDCKQAFAhUABQIUAAC+7AACAHRNYWNpbnRvc2ggSEQ6VXNlcnM6AEp1c3RlOgBEb2N1bWVudHM6AENvbXBsZXhTeXN0ZW1zOgBNZWRpYXRpb25FY290b3g6AEJpYmxpbzoARG9jczoAVHJhbnNmZXJFbnRyb3B5X1ByZSMzODVFOTBGLnBkZgAOAGoANABUAHIAYQBuAHMAZgBlAHIARQBuAHQAcgBvAHAAeQBfAFAAcgBlAHkAUAByAGUAZABhAHQAbwByAF8AZQBuAHQAcgBvAHAAeQAtADEANwAtADAANwAyADMAMAAtAHYAMgAuAHAAZABmAA8AGgAMAE0AYQBjAGkAbgB0AG8AcwBoACAASABEABIAdVVzZXJzL0p1c3RlL0RvY3VtZW50cy9Db21wbGV4U3lzdGVtcy9NZWRpYXRpb25FY290b3gvQmlibGlvL0RvY3MvVHJhbnNmZXJFbnRyb3B5X1ByZXlQcmVkYXRvcl9lbnRyb3B5LTE3LTA3MjMwLXYyLnBkZgAAEwABLwAAFQACAAz//wAAgAbSGxwdHlokY2xhc3NuYW1lWCRjbGFzc2VzXU5TTXV0YWJsZURhdGGjHR8gVk5TRGF0YVhOU09iamVjdNIbHCIjXE5TRGljdGlvbmFyeaIiIF8QD05TS2V5ZWRBcmNoaXZlctEmJ1Ryb290gAEACAARABoAIwAtADIANwBAAEYATQBVAGAAZwBqAGwAbgBxAHMAdQB3AIQAjgDKAM8A1wM/A0EDRgNRA1oDaANsA3MDfAOBA44DkQOjA6YDqwAAAAAAAAIBAAAAAAAAACgAAAAAAAAAAAAAAAAAAAOt}}
