%% This BibTeX bibliography file was created using BibDesk.
%% http://bibdesk.sourceforge.net/


%% Created for Juste Raimbault at 2016-04-16 17:46:31 +0200 


%% Saved with string encoding Occidental (ISO Latin 1) 



@book{gilli2009paris,
	Author = {Gilli, Fr{\'e}d{\'e}ric and Offner, Jean-Marc},
	Date-Added = {2016-04-16 13:53:06 +0000},
	Date-Modified = {2016-04-16 13:53:06 +0000},
	Publisher = {Sciences Po, les presses},
	Title = {Paris, m{\'e}tropole hors les murs: am{\'e}nager et gouverner un Grand Paris},
	Year = {2009}}

@article{louf2015patterns,
	Author = {Louf, R{\'e}mi and Barthelemy, Marc},
	Date-Added = {2016-04-16 13:31:44 +0000},
	Date-Modified = {2016-04-16 13:31:44 +0000},
	Journal = {arXiv preprint arXiv:1511.04268},
	Title = {Patterns of residential segregation},
	Year = {2015}}

@article{guerois2009dynamique,
	Author = {Gu{\'e}rois, Marianne and Le Goix, Renaud},
	Date-Added = {2016-04-16 13:16:59 +0000},
	Date-Modified = {2016-04-16 13:16:59 +0000},
	Journal = {Cybergeo: European Journal of Geography},
	Publisher = {CNRS-UMR G{\'e}ographie-cit{\'e}s 8504},
	Title = {La dynamique spatio-temporelle des prix immobiliers {\`a} diff{\'e}rentes {\'e}chelles: le cas des appartements anciens {\`a} Paris (1990-2003)},
	Year = {2009}}

@article{banos2013HDR,
	Author = {Arnaud Banos},
	Date-Added = {2015-04-16 21:45:49 +0000},
	Date-Modified = {2015-04-16 21:45:49 +0000},
	Journal = {Th{\`e}se d'Habilitation {\`a} Diriger des Recherches, UMR CNRS 8504 G{\'e}ographie-Cit{\'e}s, ISCPIF},
	Reading = {AO},
	Title = {Pour des pratiques de mod{\'e}lisation et de simulation lib{\'e}r{\'e}es en G{\'e}ographie et SHS},
	Usage = {GSB},
	Year = {D{\'e}cembre 2013}}

@article{kwan1998space,
	Author = {Kwan, Mei-Po},
	Date-Added = {2015-04-16 21:28:24 +0000},
	Date-Modified = {2015-04-16 21:28:24 +0000},
	Journal = {Geographical analysis},
	Number = {3},
	Pages = {191--216},
	Publisher = {Wiley Online Library},
	Title = {Space-time and integral measures of individual accessibility: a comparative analysis using a point-based framework},
	Volume = {30},
	Year = {1998}}

@article{dragomir1999ostrowski,
	Author = {Dragomir, SS},
	Date-Added = {2015-04-16 20:35:57 +0000},
	Date-Modified = {2015-04-16 20:35:57 +0000},
	Journal = {Computers \& Mathematics with Applications},
	Number = {11},
	Pages = {33--37},
	Publisher = {Elsevier},
	Title = {The Ostrowski's integral inequality for Lipschitzian mappings and applications},
	Volume = {38},
	Year = {1999}}

@article{ram2013git,
	Author = {Ram, Karthik},
	Date-Added = {2015-04-16 19:44:40 +0000},
	Date-Modified = {2015-04-16 19:44:40 +0000},
	Journal = {Source code for biology and medicine},
	Number = {1},
	Pages = {7},
	Title = {Git can facilitate greater reproducibility and increased transparency in science.},
	Volume = {8},
	Year = {2013}}

@misc{team2000r,
	Author = {Team, R Core},
	Date-Added = {2015-04-16 19:20:01 +0000},
	Date-Modified = {2015-04-16 19:20:01 +0000},
	Publisher = {Available from CRAN sites},
	Title = {R Language Definition},
	Year = {2000}}

@article{qgis2011quantum,
	Author = {QGis, DT},
	Date-Added = {2015-04-16 19:18:32 +0000},
	Date-Modified = {2015-04-16 19:18:32 +0000},
	Journal = {Open Source Geospatial Foundation Project},
	Title = {Quantum GIS geographic information system},
	Year = {2011}}

@book{bennett2010openstreetmap,
	Author = {Bennett, Jonathan},
	Date-Added = {2015-04-16 19:18:06 +0000},
	Date-Modified = {2015-04-16 19:18:06 +0000},
	Publisher = {Packt Publishing Ltd},
	Title = {OpenStreetMap},
	Year = {2010}}

@article{tivadar2014oasis,
	Author = {Tivadar, Mihai and Schaeffer, Yves and Torre, Andr{\'e} and Bray, Fr{\'e}d{\'e}ric},
	Date-Added = {2015-04-16 18:21:49 +0000},
	Date-Modified = {2015-04-16 18:21:49 +0000},
	Journal = {Cybergeo: European Journal of Geography},
	Publisher = {CNRS-UMR G{\'e}ographie-cit{\'e}s 8504},
	Title = {OASIS--un Outil d'Analyse de la S{\'e}gr{\'e}gation et des In{\'e}galit{\'e}s Spatiales},
	Year = {2014}}

@techreport{ecodistrictReport,
	Author = {Ali, A. and Carneiro, I. and Dussarps, L. and Gu{\'e}del, F. and Lamy, E and Raimbault, J. and Viger, L. and Cohen, V. and Aw, T. and Sadeghian, S.},
	Date-Added = {2015-04-16 16:39:29 +0000},
	Date-Modified = {2015-04-16 16:42:41 +0000},
	Institution = {Ecole des Ponts ParisTech},
	Title = {Les Eco-quartiers lus par la mobilit{\'e} : vers une {\'e}valuation int{\'e}gr{\'e}e},
	Year = {June 2014}}

@book{dick2010digital,
	Author = {Dick, Josef and Pillichshammer, Friedrich},
	Date-Added = {2015-04-16 16:18:53 +0000},
	Date-Modified = {2015-04-16 16:18:53 +0000},
	Publisher = {Cambridge University Press},
	Title = {Digital nets and sequences: Discrepancy Theory and Quasi--Monte Carlo Integration},
	Year = {2010}}

@article{brunsdon1998geographically,
	Author = {Brunsdon, Chris and Fotheringham, Stewart and Charlton, Martin},
	Date-Added = {2015-04-16 15:21:05 +0000},
	Date-Modified = {2015-04-16 15:21:05 +0000},
	Journal = {Journal of the Royal Statistical Society: Series D (The Statistician)},
	Number = {3},
	Pages = {431--443},
	Publisher = {Wiley Online Library},
	Title = {Geographically weighted regression},
	Volume = {47},
	Year = {1998}}

@book{bavoux2005geographie,
	Author = {Bavoux, Jean-Jacques and Beaucire, Francis and Chapelon, Laurent and Zembri, Pierre},
	Date-Added = {2015-04-16 10:37:27 +0000},
	Date-Modified = {2015-04-16 10:37:27 +0000},
	Publisher = {Paris},
	Title = {G{\'e}ographie des transports},
	Year = {2005}}

@book{picon2013smart,
	Author = {Picon, Antoine},
	Date-Added = {2015-04-16 10:36:49 +0000},
	Date-Modified = {2015-04-16 10:36:49 +0000},
	Publisher = {B2},
	Title = {Smart cities: th{\'e}orie et critique d'un id{\'e}al auto-r{\'e}alisateur},
	Year = {2013}}

@article{haken2003face,
	Author = {Haken, Herman and Portugali, Juval},
	Date-Added = {2015-04-16 10:35:48 +0000},
	Date-Modified = {2015-04-16 10:35:48 +0000},
	Journal = {Journal of Environmental Psychology},
	Number = {4},
	Pages = {385--408},
	Publisher = {Elsevier},
	Title = {The face of the city is its information},
	Volume = {23},
	Year = {2003},
	Bdsk-File-1 = {YnBsaXN0MDDUAQIDBAUGJCVYJHZlcnNpb25YJG9iamVjdHNZJGFyY2hpdmVyVCR0b3ASAAGGoKgHCBMUFRYaIVUkbnVsbNMJCgsMDxJXTlMua2V5c1pOUy5vYmplY3RzViRjbGFzc6INDoACgAOiEBGABIAFgAdccmVsYXRpdmVQYXRoWWFsaWFzRGF0YV8QSy4uLy4uLy4uLy4uL0NvbmZlcmVuY2VzL0NDVVBEL0JpYmxpby9Eb2NzLzEtczIuMC1TMDI3MjQ5NDQwMzAwMDAzMy1tYWluLnBkZtIXCxgZV05TLmRhdGFPEQI0AAAAAAI0AAIAAAxNYWNpbnRvc2ggSEQAAAAAAAAAAAAAAAAAAADKQQYMSCsAAAEoE3cfMS1zMi4wLVMwMjcyNDk0NDAzMCMxMjgxMzVGLnBkZgAAAAAAAAAAAAAAAAAAAAAAAAAAAAAAAAAAAAAAAAAAASgTX85+4pYAAAAAAAAAAAAEAAUAAAkgAAAAAAAAAAAAAAAAAAAABERvY3MAEAAIAADKQOnsAAAAEQAIAADOfsZ2AAAAAQAgASgTdwEoE3UBKBNxAmFRvQCQwikABQIVAAUCFAAAvuwAAgB3TWFjaW50b3NoIEhEOlVzZXJzOgBKdXN0ZToARG9jdW1lbnRzOgBDb21wbGV4U3lzdGVtczoAQ29uZmVyZW5jZXM6AENDVVBEOgBCaWJsaW86AERvY3M6ADEtczIuMC1TMDI3MjQ5NDQwMzAjMTI4MTM1Ri5wZGYAAA4ARAAhADEALQBzADIALgAwAC0AUwAwADIANwAyADQAOQA0ADQAMAAzADAAMAAwADAAMwAzAC0AbQBhAGkAbgAuAHAAZABmAA8AGgAMAE0AYQBjAGkAbgB0AG8AcwBoACAASABEABIAZFVzZXJzL0p1c3RlL0RvY3VtZW50cy9Db21wbGV4U3lzdGVtcy9Db25mZXJlbmNlcy9DQ1VQRC9CaWJsaW8vRG9jcy8xLXMyLjAtUzAyNzI0OTQ0MDMwMDAwMzMtbWFpbi5wZGYAEwABLwAAFQACAAz//wAAgAbSGxwdHlokY2xhc3NuYW1lWCRjbGFzc2VzXU5TTXV0YWJsZURhdGGjHR8gVk5TRGF0YVhOU09iamVjdNIbHCIjXE5TRGljdGlvbmFyeaIiIF8QD05TS2V5ZWRBcmNoaXZlctEmJ1Ryb290gAEACAARABoAIwAtADIANwBAAEYATQBVAGAAZwBqAGwAbgBxAHMAdQB3AIQAjgDcAOEA6QMhAyMDKAMzAzwDSgNOA1UDXgNjA3ADcwOFA4gDjQAAAAAAAAIBAAAAAAAAACgAAAAAAAAAAAAAAAAAAAOP}}

@article{newman2011complex,
	Author = {Newman, MEJ},
	Date-Added = {2015-04-16 10:05:21 +0000},
	Date-Modified = {2015-04-16 10:05:21 +0000},
	Journal = {arXiv preprint arXiv:1112.1440},
	Reading = {A},
	Title = {Complex systems: A survey},
	Usage = {GSB},
	Year = {2011},
	Bdsk-File-1 = {YnBsaXN0MDDUAQIDBAUGJCVYJHZlcnNpb25YJG9iamVjdHNZJGFyY2hpdmVyVCR0b3ASAAGGoKgHCBMUFRYaIVUkbnVsbNMJCgsMDxJXTlMua2V5c1pOUy5vYmplY3RzViRjbGFzc6INDoACgAOiEBGABIAFgAdccmVsYXRpdmVQYXRoWWFsaWFzRGF0YV8QSC4uLy4uLy4uLy4uL0JpYmxpby9Eb2NzL0dlbmVyYWxpdGllcy9Db21wbGV4U3lzdGVtc1N1cnZleTExMTIuMTQ0MHYxLnBkZtIXCxgZV05TLmRhdGFPEQI0AAAAAAI0AAIAAAxNYWNpbnRvc2ggSEQAAAAAAAAAAAAAAAAAAADKQQYMSCsAAADFgxofQ29tcGxleFN5c3RlbXNTdXJ2ZXkjQzU4MzEyLnBkZgAAAAAAAAAAAAAAAAAAAAAAAAAAAAAAAAAAAAAAAAAAAMWDEs2RksgAAAAAAAAAAAAEAAQAAAkgAAAAAAAAAAAAAAAAAAAADEdlbmVyYWxpdGllcwAQAAgAAMpA6ewAAAARAAgAAM2RdqgAAAABABwAxYMaALZ4xACpmHoAkMIpAAUCFQAFAhQAAL7sAAIAcU1hY2ludG9zaCBIRDpVc2VyczoASnVzdGU6AERvY3VtZW50czoAQ29tcGxleFN5c3RlbXM6AEJpYmxpbzoARG9jczoAR2VuZXJhbGl0aWVzOgBDb21wbGV4U3lzdGVtc1N1cnZleSNDNTgzMTIucGRmAAAOAEgAIwBDAG8AbQBwAGwAZQB4AFMAeQBzAHQAZQBtAHMAUwB1AHIAdgBlAHkAMQAxADEAMgAuADEANAA0ADAAdgAxAC4AcABkAGYADwAaAAwATQBhAGMAaQBuAHQAbwBzAGgAIABIAEQAEgBhVXNlcnMvSnVzdGUvRG9jdW1lbnRzL0NvbXBsZXhTeXN0ZW1zL0JpYmxpby9Eb2NzL0dlbmVyYWxpdGllcy9Db21wbGV4U3lzdGVtc1N1cnZleTExMTIuMTQ0MHYxLnBkZgAAEwABLwAAFQACAAz//wAAgAbSGxwdHlokY2xhc3NuYW1lWCRjbGFzc2VzXU5TTXV0YWJsZURhdGGjHR8gVk5TRGF0YVhOU09iamVjdNIbHCIjXE5TRGljdGlvbmFyeaIiIF8QD05TS2V5ZWRBcmNoaXZlctEmJ1Ryb290gAEACAARABoAIwAtADIANwBAAEYATQBVAGAAZwBqAGwAbgBxAHMAdQB3AIQAjgDZAN4A5gMeAyADJQMwAzkDRwNLA1IDWwNgA20DcAOCA4UDigAAAAAAAAIBAAAAAAAAACgAAAAAAAAAAAAAAAAAAAOM}}

@article{marler2004survey,
	Author = {Marler, R Timothy and Arora, Jasbir S},
	Date-Added = {2015-04-16 09:45:12 +0000},
	Date-Modified = {2015-04-16 09:45:12 +0000},
	Journal = {Structural and multidisciplinary optimization},
	Number = {6},
	Pages = {369--395},
	Publisher = {Springer},
	Title = {Survey of multi-objective optimization methods for engineering},
	Volume = {26},
	Year = {2004}}

@article{carver1991integrating,
	Author = {Carver, Stephen J},
	Date-Added = {2015-04-16 09:40:39 +0000},
	Date-Modified = {2015-04-16 09:40:39 +0000},
	Journal = {International Journal of Geographical Information System},
	Number = {3},
	Pages = {321--339},
	Publisher = {Taylor \& Francis},
	Title = {Integrating multi-criteria evaluation with geographical information systems},
	Volume = {5},
	Year = {1991}}

@inproceedings{mourelatos2004efficient,
	Author = {Mourelatos, Zissimos P and Liang, Jinghong},
	Booktitle = {NSF Workshop on Reliable Engineering Computing, Savannah, Georgia},
	Date-Added = {2015-04-14 12:35:47 +0000},
	Date-Modified = {2015-04-14 12:35:47 +0000},
	Organization = {Citeseer},
	Title = {An efficient unified approach for reliability and robustness in engineering design},
	Year = {2004},
	Bdsk-File-1 = {YnBsaXN0MDDUAQIDBAUGJCVYJHZlcnNpb25YJG9iamVjdHNZJGFyY2hpdmVyVCR0b3ASAAGGoKgHCBMUFRYaIVUkbnVsbNMJCgsMDxJXTlMua2V5c1pOUy5vYmplY3RzViRjbGFzc6INDoACgAOiEBGABIAFgAdccmVsYXRpdmVQYXRoWWFsaWFzRGF0YV8QQS4uLy4uLy4uL0JpYmxpby9Eb2NzL0VmZmljaWVudFVuaWZpZWRBcHByb2FjaF8xMC4xLjEuMzY5Ljc2OTcucGRm0hcLGBlXTlMuZGF0YU8RAlgAAAAAAlgAAgAADE1hY2ludG9zaCBIRAAAAAAAAAAAAAAAAAAAAMpBBgxIKwAAAmLYjx9FZmZpY2llbnRVbmlmaWVkQXBwIzI2NDQwRkEucGRmAAAAAAAAAAAAAAAAAAAAAAAAAAAAAAAAAAAAAAAAAAACZED60VLWIQAAAAAAAAAAAAMAAwAACSAAAAAAAAAAAAAAAAAAAAAERG9jcwAQAAgAAMpA6ewAAAARAAgAANFSugEAAAABABwCYtiPAmLYjgJhVbUAkMIpAAUCFQAFAhQAAL7sAAIAek1hY2ludG9zaCBIRDpVc2VyczoASnVzdGU6AERvY3VtZW50czoAQ29tcGxleFN5c3RlbXM6AFJvYnVzdG5lc3NEaXNjcmVwYW5jeToAQmlibGlvOgBEb2NzOgBFZmZpY2llbnRVbmlmaWVkQXBwIzI2NDQwRkEucGRmAA4AWgAsAEUAZgBmAGkAYwBpAGUAbgB0AFUAbgBpAGYAaQBlAGQAQQBwAHAAcgBvAGEAYwBoAF8AMQAwAC4AMQAuADEALgAzADYAOQAuADcANgA5ADcALgBwAGQAZgAPABoADABNAGEAYwBpAG4AdABvAHMAaAAgAEgARAASAHNVc2Vycy9KdXN0ZS9Eb2N1bWVudHMvQ29tcGxleFN5c3RlbXMvUm9idXN0bmVzc0Rpc2NyZXBhbmN5L0JpYmxpby9Eb2NzL0VmZmljaWVudFVuaWZpZWRBcHByb2FjaF8xMC4xLjEuMzY5Ljc2OTcucGRmAAATAAEvAAAVAAIADP//AACABtIbHB0eWiRjbGFzc25hbWVYJGNsYXNzZXNdTlNNdXRhYmxlRGF0YaMdHyBWTlNEYXRhWE5TT2JqZWN00hscIiNcTlNEaWN0aW9uYXJ5oiIgXxAPTlNLZXllZEFyY2hpdmVy0SYnVHJvb3SAAQAIABEAGgAjAC0AMgA3AEAARgBNAFUAYABnAGoAbABuAHEAcwB1AHcAhACOANIA1wDfAzsDPQNCA00DVgNkA2gDbwN4A30DigONA58DogOnAAAAAAAAAgEAAAAAAAAAKAAAAAAAAAAAAAAAAAAAA6k=}}

@article{dobbie2013robustness,
	Author = {Dobbie, Melissa J and Dail, David},
	Date-Added = {2015-04-14 12:33:51 +0000},
	Date-Modified = {2015-04-14 12:33:51 +0000},
	Journal = {Ecological Indicators},
	Pages = {270--277},
	Publisher = {Elsevier},
	Title = {Robustness and sensitivity of weighting and aggregation in constructing composite indices},
	Volume = {29},
	Year = {2013},
	Bdsk-File-1 = {YnBsaXN0MDDUAQIDBAUGJCVYJHZlcnNpb25YJG9iamVjdHNZJGFyY2hpdmVyVCR0b3ASAAGGoKgHCBMUFRYaIVUkbnVsbNMJCgsMDxJXTlMua2V5c1pOUy5vYmplY3RzViRjbGFzc6INDoACgAOiEBGABIAFgAdccmVsYXRpdmVQYXRoWWFsaWFzRGF0YV8QXy4uLy4uLy4uL0JpYmxpby9Eb2NzL1JvYnVzdG5lc3NTZW5zaXRpdml0eVdlaWdodGluZ0luZGljYXRvcnNfMS1zMi4wLVMxNDcwMTYwWDEzMDAwMDM0LW1haW4ucGRm0hcLGBlXTlMuZGF0YU8RArIAAAAAArIAAgAADE1hY2ludG9zaCBIRAAAAAAAAAAAAAAAAAAAAMpBBgxIKwAAAmLYjx9Sb2J1c3RuZXNzU2Vuc2l0aXZpIzI2MzAwQUIucGRmAAAAAAAAAAAAAAAAAAAAAAAAAAAAAAAAAAAAAAAAAAACYwCr0VLVsQAAAAAAAAAAAAMAAwAACSAAAAAAAAAAAAAAAAAAAAAERG9jcwAQAAgAAMpA6ewAAAARAAgAANFSuZEAAAABABwCYtiPAmLYjgJhVbUAkMIpAAUCFQAFAhQAAL7sAAIAek1hY2ludG9zaCBIRDpVc2VyczoASnVzdGU6AERvY3VtZW50czoAQ29tcGxleFN5c3RlbXM6AFJvYnVzdG5lc3NEaXNjcmVwYW5jeToAQmlibGlvOgBEb2NzOgBSb2J1c3RuZXNzU2Vuc2l0aXZpIzI2MzAwQUIucGRmAA4AlgBKAFIAbwBiAHUAcwB0AG4AZQBzAHMAUwBlAG4AcwBpAHQAaQB2AGkAdAB5AFcAZQBpAGcAaAB0AGkAbgBnAEkAbgBkAGkAYwBhAHQAbwByAHMAXwAxAC0AcwAyAC4AMAAtAFMAMQA0ADcAMAAxADYAMABYADEAMwAwADAAMAAwADMANAAtAG0AYQBpAG4ALgBwAGQAZgAPABoADABNAGEAYwBpAG4AdABvAHMAaAAgAEgARAASAJFVc2Vycy9KdXN0ZS9Eb2N1bWVudHMvQ29tcGxleFN5c3RlbXMvUm9idXN0bmVzc0Rpc2NyZXBhbmN5L0JpYmxpby9Eb2NzL1JvYnVzdG5lc3NTZW5zaXRpdml0eVdlaWdodGluZ0luZGljYXRvcnNfMS1zMi4wLVMxNDcwMTYwWDEzMDAwMDM0LW1haW4ucGRmAAATAAEvAAAVAAIADP//AACABtIbHB0eWiRjbGFzc25hbWVYJGNsYXNzZXNdTlNNdXRhYmxlRGF0YaMdHyBWTlNEYXRhWE5TT2JqZWN00hscIiNcTlNEaWN0aW9uYXJ5oiIgXxAPTlNLZXllZEFyY2hpdmVy0SYnVHJvb3SAAQAIABEAGgAjAC0AMgA3AEAARgBNAFUAYABnAGoAbABuAHEAcwB1AHcAhACOAPAA9QD9A7MDtQO6A8UDzgPcA+AD5wPwA/UEAgQFBBcEGgQfAAAAAAAAAgEAAAAAAAAAKAAAAAAAAAAAAAAAAAAABCE=}}

@article{deb2006introducing,
	Author = {Deb, Kalyanmoy and Gupta, Himanshu},
	Date-Added = {2015-04-14 12:29:54 +0000},
	Date-Modified = {2015-04-14 12:29:54 +0000},
	Journal = {Evolutionary Computation},
	Number = {4},
	Pages = {463--494},
	Publisher = {MIT Press},
	Title = {Introducing robustness in multi-objective optimization},
	Volume = {14},
	Year = {2006},
	Bdsk-File-1 = {YnBsaXN0MDDUAQIDBAUGJCVYJHZlcnNpb25YJG9iamVjdHNZJGFyY2hpdmVyVCR0b3ASAAGGoKgHCBMUFRYaIVUkbnVsbNMJCgsMDxJXTlMua2V5c1pOUy5vYmplY3RzViRjbGFzc6INDoACgAOiEBGABIAFgAdccmVsYXRpdmVQYXRoWWFsaWFzRGF0YV8QXS4uLy4uLy4uL0JpYmxpby9Eb2NzL0ludHJvZHVjaW5nUm9idXN0bmVzc011bHRpT2JqT3B0aW1pemF0aW9uX2V2Y28lMkUyMDA2JTJFMTQlMkU0JTJFNDYzLnBkZtIXCxgZV05TLmRhdGFPEQKsAAAAAAKsAAIAAAxNYWNpbnRvc2ggSEQAAAAAAAAAAAAAAAAAAADKQQYMSCsAAAJi2I8fSW50cm9kdWNpbmdSb2J1c3RuZSMyNjJGRDZBLnBkZgAAAAAAAAAAAAAAAAAAAAAAAAAAAAAAAAAAAAAAAAAAAmL9atFS1LMAAAAAAAAAAAADAAMAAAkgAAAAAAAAAAAAAAAAAAAABERvY3MAEAAIAADKQOnsAAAAEQAIAADRUriTAAAAAQAcAmLYjwJi2I4CYVW1AJDCKQAFAhUABQIUAAC+7AACAHpNYWNpbnRvc2ggSEQ6VXNlcnM6AEp1c3RlOgBEb2N1bWVudHM6AENvbXBsZXhTeXN0ZW1zOgBSb2J1c3RuZXNzRGlzY3JlcGFuY3k6AEJpYmxpbzoARG9jczoASW50cm9kdWNpbmdSb2J1c3RuZSMyNjJGRDZBLnBkZgAOAJIASABJAG4AdAByAG8AZAB1AGMAaQBuAGcAUgBvAGIAdQBzAHQAbgBlAHMAcwBNAHUAbAB0AGkATwBiAGoATwBwAHQAaQBtAGkAegBhAHQAaQBvAG4AXwBlAHYAYwBvACUAMgBFADIAMAAwADYAJQAyAEUAMQA0ACUAMgBFADQAJQAyAEUANAA2ADMALgBwAGQAZgAPABoADABNAGEAYwBpAG4AdABvAHMAaAAgAEgARAASAI9Vc2Vycy9KdXN0ZS9Eb2N1bWVudHMvQ29tcGxleFN5c3RlbXMvUm9idXN0bmVzc0Rpc2NyZXBhbmN5L0JpYmxpby9Eb2NzL0ludHJvZHVjaW5nUm9idXN0bmVzc011bHRpT2JqT3B0aW1pemF0aW9uX2V2Y28lMkUyMDA2JTJFMTQlMkU0JTJFNDYzLnBkZgAAEwABLwAAFQACAAz//wAAgAbSGxwdHlokY2xhc3NuYW1lWCRjbGFzc2VzXU5TTXV0YWJsZURhdGGjHR8gVk5TRGF0YVhOU09iamVjdNIbHCIjXE5TRGljdGlvbmFyeaIiIF8QD05TS2V5ZWRBcmNoaXZlctEmJ1Ryb290gAEACAARABoAIwAtADIANwBAAEYATQBVAGAAZwBqAGwAbgBxAHMAdQB3AIQAjgDuAPMA+wOrA60DsgO9A8YD1APYA98D6APtA/oD/QQPBBIEFwAAAAAAAAIBAAAAAAAAACgAAAAAAAAAAAAAAAAAAAQZ}}

@inproceedings{1688537,
	Abstract = {This paper presents a novel approach to robustness analysis in multi-objective optimization problems. The concept of degree of robustness in incorporated into the evolutionary algorithm, being operationalized in the computation of the fitness value assigned to solutions. Non-dominated solutions are classified according to their degree of robustness. The information on the degree of robustness of solutions is provided to support the decision maker in the selection of a robust compromise solution.},
	Author = {Barrico, C. and Antunes, C.H.},
	Booktitle = {Evolutionary Computation, 2006. CEC 2006. IEEE Congress on},
	Date-Added = {2015-04-14 09:49:40 +0000},
	Date-Modified = {2015-04-14 09:49:40 +0000},
	Doi = {10.1109/CEC.2006.1688537},
	Keywords = {decision making;evolutionary computation;optimisation;robust control;decision maker;evolutionary algorithm;multiobjective optimization;robustness analysis;Acceleration;Degradation;Delta modulation;Evolutionary computation;Informatics;Pareto optimization;Robust control;Robustness;Testing},
	Pages = {1887-1892},
	Title = {Robustness Analysis in Multi-Objective Optimization Using a Degree of Robustness Concept},
	Year = {2006},
	Bdsk-File-1 = {YnBsaXN0MDDUAQIDBAUGJCVYJHZlcnNpb25YJG9iamVjdHNZJGFyY2hpdmVyVCR0b3ASAAGGoKgHCBMUFRYaIVUkbnVsbNMJCgsMDxJXTlMua2V5c1pOUy5vYmplY3RzViRjbGFzc6INDoACgAOiEBGABIAFgAdccmVsYXRpdmVQYXRoWWFsaWFzRGF0YV8Q+C4uLy4uLy4uL0JpYmxpby9Eb2NzL011bHRpT2JqX09wdGltaXphdGlvbl9Sb2J1c3RuZXNzX1tkb2kgMTAuMTEwOSUyRmNlYy4yMDA2LjE2ODg1MzddIEJhcnJpY28sIEMuOyBBbnR1bmVzLCBDLkguIC0tIFtJRUVFIDIwMDYgSUVFRSBJbnRlcm5hdGlvbmFsIENvbmZlcmVuY2Ugb24gRXZvbHV0aW9uYXJ5IENvbXB1dGF0aW9uIC0gVmFuY291dmVyLCBCQywgQ2FuYWRhICgxNi0yMSBKdWx5IDIwMDYpXSAyMDA2IElFRUUgSW50ZXIucGRm0hcLGBlXTlMuZGF0YU8RBHwAAAAABHwAAgAADE1hY2ludG9zaCBIRAAAAAAAAAAAAAAAAAAAAMpBBgxIKwAAAmLYjx9NdWx0aU9ial9PcHRpbWl6YXRpIzI2MkQ4ODYucGRmAAAAAAAAAAAAAAAAAAAAAAAAAAAAAAAAAAAAAAAAAAACYtiG0VKvDAAAAAAAAAAAAAMAAwAACSAAAAAAAAAAAAAAAAAAAAAERG9jcwAQAAgAAMpA6ewAAAARAAgAANFSkuwAAAABABwCYtiPAmLYjgJhVbUAkMIpAAUCFQAFAhQAAL7sAAIAek1hY2ludG9zaCBIRDpVc2VyczoASnVzdGU6AERvY3VtZW50czoAQ29tcGxleFN5c3RlbXM6AFJvYnVzdG5lc3NEaXNjcmVwYW5jeToAQmlibGlvOgBEb2NzOgBNdWx0aU9ial9PcHRpbWl6YXRpIzI2MkQ4ODYucGRmAA4ByADjAE0AdQBsAHQAaQBPAGIAagBfAE8AcAB0AGkAbQBpAHoAYQB0AGkAbwBuAF8AUgBvAGIAdQBzAHQAbgBlAHMAcwBfAFsAZABvAGkAIAAxADAALgAxADEAMAA5ACUAMgBGAGMAZQBjAC4AMgAwADAANgAuADEANgA4ADgANQAzADcAXQAgAEIAYQByAHIAaQBjAG8ALAAgAEMALgA7ACAAQQBuAHQAdQBuAGUAcwAsACAAQwAuAEgALgAgAC0ALQAgAFsASQBFAEUARQAgADIAMAAwADYAIABJAEUARQBFACAASQBuAHQAZQByAG4AYQB0AGkAbwBuAGEAbAAgAEMAbwBuAGYAZQByAGUAbgBjAGUAIABvAG4AIABFAHYAbwBsAHUAdABpAG8AbgBhAHIAeQAgAEMAbwBtAHAAdQB0AGEAdABpAG8AbgAgAC0AIABWAGEAbgBjAG8AdQB2AGUAcgAsACAAQgBDACwAIABDAGEAbgBhAGQAYQAgACgAMQA2AC0AMgAxACAASgB1AGwAeQAgADIAMAAwADYAKQBdACAAMgAwADAANgAgAEkARQBFAEUAIABJAG4AdABlAHIALgBwAGQAZgAPABoADABNAGEAYwBpAG4AdABvAHMAaAAgAEgARAASASpVc2Vycy9KdXN0ZS9Eb2N1bWVudHMvQ29tcGxleFN5c3RlbXMvUm9idXN0bmVzc0Rpc2NyZXBhbmN5L0JpYmxpby9Eb2NzL011bHRpT2JqX09wdGltaXphdGlvbl9Sb2J1c3RuZXNzX1tkb2kgMTAuMTEwOSUyRmNlYy4yMDA2LjE2ODg1MzddIEJhcnJpY28sIEMuOyBBbnR1bmVzLCBDLkguIC0tIFtJRUVFIDIwMDYgSUVFRSBJbnRlcm5hdGlvbmFsIENvbmZlcmVuY2Ugb24gRXZvbHV0aW9uYXJ5IENvbXB1dGF0aW9uIC0gVmFuY291dmVyLCBCQywgQ2FuYWRhICgxNi0yMSBKdWx5IDIwMDYpXSAyMDA2IElFRUUgSW50ZXIucGRmABMAAS8AABUAAgAM//8AAIAG0hscHR5aJGNsYXNzbmFtZVgkY2xhc3Nlc11OU011dGFibGVEYXRhox0fIFZOU0RhdGFYTlNPYmplY3TSGxwiI1xOU0RpY3Rpb25hcnmiIiBfEA9OU0tleWVkQXJjaGl2ZXLRJidUcm9vdIABAAgAEQAaACMALQAyADcAQABGAE0AVQBgAGcAagBsAG4AcQBzAHUAdwCEAI4BiQGOAZYGFgYYBh0GKAYxBj8GQwZKBlMGWAZlBmgGegZ9BoIAAAAAAAACAQAAAAAAAAAoAAAAAAAAAAAAAAAAAAAGhA==},
	Bdsk-Url-1 = {http://dx.doi.org/10.1109/CEC.2006.1688537}}

@article{jegou2012evaluation,
	Author = {J{\'e}gou, Anne and Augiseau, Vincent and Guyot, C{\'e}cile and Jud{\'e}aux, C{\'e}cile and Monaco, Fran{\c{c}}ois-Xavier and Pech, Pierre and others},
	Date-Added = {2015-04-14 09:44:50 +0000},
	Date-Modified = {2015-04-14 09:44:50 +0000},
	Journal = {Cybergeo: European Journal of Geography},
	Publisher = {CNRS-UMR G{\'e}ographie-cit{\'e}s 8504},
	Title = {L'{\'e}valuation par indicateurs: un outil n{\'e}cessaire d'am{\'e}nagement urbain durable?. R{\'e}flexions {\`a} partir de la d{\'e}marche parisienne pour le g{\'e}ographe et l'am{\'e}nageur},
	Year = {2012}}

@book{launer2014robustness,
	Author = {Launer, Robert L and Wilkinson, Graham N},
	Date-Added = {2015-04-14 09:40:09 +0000},
	Date-Modified = {2015-04-14 09:40:09 +0000},
	Publisher = {Academic Press},
	Title = {Robustness in statistics},
	Year = {2014}}

@article{livet2010,
	Abstract = {Agent-Based Models are useful to describe and understand social, economic and spatial systems' dynamics. But, beside the facilities which this methodology offers, evaluation and comparison of simulation models are sometimes problematic. A rigorous conceptual frame needs to be developed. This is in order to ensure the coherence in the chain linking at the one extreme the scientist's hypotheses about the modeled phenomenon and at the other the structure of rules in the computer program. This also systematizes the model design from the thematician conceptual framework as well. The aim is to reflect upon the role that a well defined ontology, based on the crossing of the philosophical and the computer science insights, can play to solve such questions and help the model building. We analyze different conceptions of ontology, introduce the 'ontological test' and show its usefulness to compare models. Then we focus on the model building and show the place of a systematic ABM ontology. The latter process is situated within a larger framework called the 'knowledge framework' in which not only the ontologies but also the notions of theory, model and empirical data take place. At last the relation between emergence and ontology is discussed.},
	Author = {Livet, Pierre and Muller, Jean-Pierre and Phan, Denis and Sanders, Lena},
	Date-Added = {2015-04-14 08:54:27 +0000},
	Date-Modified = {2015-04-14 08:54:27 +0000},
	Issn = {1460-7425},
	Journal = {Journal of Artificial Societies and Social Simulation},
	Keywords = {Ontology, Agent-Based Computational Economic, Agent-Based Model of Simulation, Model Design, Model Building, Knowledge Framework, Spatial Simulation, Social Simulation, Ontological Test},
	Number = {1},
	Pages = {3},
	Title = {Ontology, a Mediator for Agent-Based Modeling in Social Science},
	Url = {http://jasss.soc.surrey.ac.uk/13/1/3.html},
	Volume = {13},
	Year = {2010},
	Bdsk-File-1 = {YnBsaXN0MDDUAQIDBAUGJCVYJHZlcnNpb25YJG9iamVjdHNZJGFyY2hpdmVyVCR0b3ASAAGGoKgHCBMUFRYaIVUkbnVsbNMJCgsMDxJXTlMua2V5c1pOUy5vYmplY3RzViRjbGFzc6INDoACgAOiEBGABIAFgAdccmVsYXRpdmVQYXRoWWFsaWFzRGF0YV8QTy4uLy4uLy4uLy4uL0NpdHlOZXR3b3JrL0JpYmxpby9Eb2NzL0VwaXN0ZW1vbG9neS9PbnRvbG9neUFCTV9MaXZldEFsX0phc3NfMy5wZGbSFwsYGVdOUy5kYXRhTxECQAAAAAACQAACAAAMTWFjaW50b3NoIEhEAAAAAAAAAAAAAAAAAAAAykEGDEgrAAACNCFXHk9udG9sb2d5QUJNX0xpdmV0QWxfSmFzc18zLnBkZgAAAAAAAAAAAAAAAAAAAAAAAAAAAAAAAAAAAAAAAAAAAAI31obRLIDHAAAAAAAAAAAABAAFAAAJIAAAAAAAAAAAAAAAAAAAAAxFcGlzdGVtb2xvZ3kAEAAIAADKQOnsAAAAEQAIAADRLHK3AAAAAQAgAjQhVwIxd9kCIfkZAiH5EACQwikABQIVAAUCFAAAvuwAAgB9TWFjaW50b3NoIEhEOlVzZXJzOgBKdXN0ZToARG9jdW1lbnRzOgBDb21wbGV4U3lzdGVtczoAQ2l0eU5ldHdvcms6AEJpYmxpbzoARG9jczoARXBpc3RlbW9sb2d5OgBPbnRvbG9neUFCTV9MaXZldEFsX0phc3NfMy5wZGYAAA4APgAeAE8AbgB0AG8AbABvAGcAeQBBAEIATQBfAEwAaQB2AGUAdABBAGwAXwBKAGEAcwBzAF8AMwAuAHAAZABmAA8AGgAMAE0AYQBjAGkAbgB0AG8AcwBoACAASABEABIAaFVzZXJzL0p1c3RlL0RvY3VtZW50cy9Db21wbGV4U3lzdGVtcy9DaXR5TmV0d29yay9CaWJsaW8vRG9jcy9FcGlzdGVtb2xvZ3kvT250b2xvZ3lBQk1fTGl2ZXRBbF9KYXNzXzMucGRmABMAAS8AABUAAgAM//8AAIAG0hscHR5aJGNsYXNzbmFtZVgkY2xhc3Nlc11OU011dGFibGVEYXRhox0fIFZOU0RhdGFYTlNPYmplY3TSGxwiI1xOU0RpY3Rpb25hcnmiIiBfEA9OU0tleWVkQXJjaGl2ZXLRJidUcm9vdIABAAgAEQAaACMALQAyADcAQABGAE0AVQBgAGcAagBsAG4AcQBzAHUAdwCEAI4A4ADlAO0DMQMzAzgDQwNMA1oDXgNlA24DcwOAA4MDlQOYA50AAAAAAAACAQAAAAAAAAAoAAAAAAAAAAAAAAAAAAADnw==},
	Bdsk-Url-1 = {http://jasss.soc.surrey.ac.uk/13/1/3.html}}

@article{niederreiter1972discrepancy,
	Author = {Niederreiter, H},
	Date-Added = {2014-06-13 23:51:49 +0000},
	Date-Modified = {2014-06-13 23:51:49 +0000},
	Journal = {Annali di matematica pura ed applicata},
	Number = {1},
	Pages = {89--97},
	Publisher = {Springer},
	Title = {Discrepancy and convex programming},
	Volume = {93},
	Year = {1972},
	Bdsk-File-1 = {YnBsaXN0MDDUAQIDBAUGJCVYJHZlcnNpb25YJG9iamVjdHNZJGFyY2hpdmVyVCR0b3ASAAGGoKgHCBMUFRYaIVUkbnVsbNMJCgsMDxJXTlMua2V5c1pOUy5vYmplY3RzViRjbGFzc6INDoACgAOiEBGABIAFgAdccmVsYXRpdmVQYXRoWWFsaWFzRGF0YV8QYi4uLy4uLy4uLy4uLy4uL0NvdXJzL1RBTVVSL0JpYmxpby9Eb2NzL0Rpc2NyZXBhbmN5Q29udmV4UHJvZ3JhbW1pbmdfYXJ0JTNBMTAuMTAwNyUyRkJGMDI0MTIwMTcucGRm0hcLGBlXTlMuZGF0YU8RAlQAAAAAAlQAAgAADE1hY2ludG9zaCBIRAAAAAAAAAAAAAAAAAAAAMpBBgxIKwAAAYz4yx9EaXNjcmVwYW5jeUNvbnZleFByIzFBRThGQTUucGRmAAAAAAAAAAAAAAAAAAAAAAAAAAAAAAAAAAAAAAAAAAABro+lz5khDAAAAAAAAAAAAAUABQAACSAAAAAAAAAAAAAAAAAAAAAERG9jcwAQAAgAAMpA6ewAAAARAAgAAM+ZBOwAAAABABwBjPjLAYz32AGM76QABjWIAAUCFQAFAhQAAL7sAAIAYU1hY2ludG9zaCBIRDpVc2VyczoASnVzdGU6AERvY3VtZW50czoAQ291cnM6AFRBTVVSOgBCaWJsaW86AERvY3M6AERpc2NyZXBhbmN5Q29udmV4UHIjMUFFOEZBNS5wZGYAAA4AeAA7AEQAaQBzAGMAcgBlAHAAYQBuAGMAeQBDAG8AbgB2AGUAeABQAHIAbwBnAHIAYQBtAG0AaQBuAGcAXwBhAHIAdAAlADMAQQAxADAALgAxADAAMAA3ACUAMgBGAEIARgAwADIANAAxADIAMAAxADcALgBwAGQAZgAPABoADABNAGEAYwBpAG4AdABvAHMAaAAgAEgARAASAGlVc2Vycy9KdXN0ZS9Eb2N1bWVudHMvQ291cnMvVEFNVVIvQmlibGlvL0RvY3MvRGlzY3JlcGFuY3lDb252ZXhQcm9ncmFtbWluZ19hcnQlM0ExMC4xMDA3JTJGQkYwMjQxMjAxNy5wZGYAABMAAS8AABUAAgAM//8AAIAG0hscHR5aJGNsYXNzbmFtZVgkY2xhc3Nlc11OU011dGFibGVEYXRhox0fIFZOU0RhdGFYTlNPYmplY3TSGxwiI1xOU0RpY3Rpb25hcnmiIiBfEA9OU0tleWVkQXJjaGl2ZXLRJidUcm9vdIABAAgAEQAaACMALQAyADcAQABGAE0AVQBgAGcAagBsAG4AcQBzAHUAdwCEAI4A8wD4AQADWANaA18DagNzA4EDhQOMA5UDmgOnA6oDvAO/A8QAAAAAAAACAQAAAAAAAAAoAAAAAAAAAAAAAAAAAAADxg==}}

@phdthesis{varet2010developpement,
	Author = {Varet, Suzanne},
	Date-Added = {2014-06-13 23:14:19 +0000},
	Date-Modified = {2014-06-13 23:14:19 +0000},
	School = {Universit{\'e} Paul Sabatier-Toulouse III},
	Title = {D{\'e}veloppement de m{\'e}thodes statistiques pour la pr{\'e}diction d'un gabarit de signature infrarouge},
	Year = {2010}}

@book{mangin1999projet,
	Author = {Mangin, David and Panerai, Philippe},
	Date-Added = {2014-06-13 22:09:38 +0000},
	Date-Modified = {2014-06-13 22:09:38 +0000},
	Publisher = {Parenth{\`e}ses},
	Reading = {A},
	Title = {Projet urbain},
	Year = {1999}}

@article{wang2009review,
	Author = {Wang, Jiang-Jiang and Jing, You-Yin and Zhang, Chun-Fa and Zhao, Jun-Hong},
	Date-Added = {2014-06-13 20:58:09 +0000},
	Date-Modified = {2014-06-13 20:58:09 +0000},
	Journal = {Renewable and Sustainable Energy Reviews},
	Number = {9},
	Pages = {2263--2278},
	Publisher = {Elsevier},
	Title = {Review on multi-criteria decision analysis aid in sustainable energy decision-making},
	Volume = {13},
	Year = {2009},
	Bdsk-File-1 = {YnBsaXN0MDDUAQIDBAUGJCVYJHZlcnNpb25YJG9iamVjdHNZJGFyY2hpdmVyVCR0b3ASAAGGoKgHCBMUFRYaIVUkbnVsbNMJCgsMDxJXTlMua2V5c1pOUy5vYmplY3RzViRjbGFzc6INDoACgAOiEBGABIAFgAdccmVsYXRpdmVQYXRoWWFsaWFzRGF0YV8QTS4uLy4uLy4uLy4uLy4uL0NvdXJzL1RBTVVSL0JpYmxpby9Eb2NzL01DREFfMS1zMi4wLVMxMzY0MDMyMTA5MDAxMTY2LW1haW4ucGRm0hcLGBlXTlMuZGF0YU8RAhQAAAAAAhQAAgAADE1hY2ludG9zaCBIRAAAAAAAAAAAAAAAAAAAAMpBBgxIKwAAAYz4yx9NQ0RBXzEtczIuMC1TMTM2NDAzIzE5M0YwOTcucGRmAAAAAAAAAAAAAAAAAAAAAAAAAAAAAAAAAAAAAAAAAAABk/CXz19AYQAAAAAAAAAAAAUABQAACSAAAAAAAAAAAAAAAAAAAAAERG9jcwAQAAgAAMpA6ewAAAARAAgAAM9fJEEAAAABABwBjPjLAYz32AGM76QABjWIAAUCFQAFAhQAAL7sAAIAYU1hY2ludG9zaCBIRDpVc2VyczoASnVzdGU6AERvY3VtZW50czoAQ291cnM6AFRBTVVSOgBCaWJsaW86AERvY3M6AE1DREFfMS1zMi4wLVMxMzY0MDMjMTkzRjA5Ny5wZGYAAA4ATgAmAE0AQwBEAEEAXwAxAC0AcwAyAC4AMAAtAFMAMQAzADYANAAwADMAMgAxADAAOQAwADAAMQAxADYANgAtAG0AYQBpAG4ALgBwAGQAZgAPABoADABNAGEAYwBpAG4AdABvAHMAaAAgAEgARAASAFRVc2Vycy9KdXN0ZS9Eb2N1bWVudHMvQ291cnMvVEFNVVIvQmlibGlvL0RvY3MvTUNEQV8xLXMyLjAtUzEzNjQwMzIxMDkwMDExNjYtbWFpbi5wZGYAEwABLwAAFQACAAz//wAAgAbSGxwdHlokY2xhc3NuYW1lWCRjbGFzc2VzXU5TTXV0YWJsZURhdGGjHR8gVk5TRGF0YVhOU09iamVjdNIbHCIjXE5TRGljdGlvbmFyeaIiIF8QD05TS2V5ZWRBcmNoaXZlctEmJ1Ryb290gAEACAARABoAIwAtADIANwBAAEYATQBVAGAAZwBqAGwAbgBxAHMAdQB3AIQAjgDeAOMA6wMDAwUDCgMVAx4DLAMwAzcDQANFA1IDVQNnA2oDbwAAAAAAAAIBAAAAAAAAACgAAAAAAAAAAAAAAAAAAANx}}

@book{souami2012ecoquartiers,
	Author = {Souami, Taoufik},
	Date-Added = {2014-06-13 20:58:09 +0000},
	Date-Modified = {2014-06-13 20:58:09 +0000},
	Publisher = {Scrineo},
	Title = {Ecoquartiers: secrets de fabrication},
	Year = {2012}}

@article{franco20092,
	Author = {Franco, Jessica and Dupuy, Delphine and Roustant, Olivier and Jourdan, Astrid},
	Date-Added = {2014-06-13 20:58:09 +0000},
	Date-Modified = {2014-06-13 20:58:09 +0000},
	Journal = {Designs of Computer Experiments},
	Pages = {2},
	Title = {DiceDesign-package},
	Year = {2009},
	Bdsk-File-1 = {YnBsaXN0MDDUAQIDBAUGJCVYJHZlcnNpb25YJG9iamVjdHNZJGFyY2hpdmVyVCR0b3ASAAGGoKgHCBMUFRYaIVUkbnVsbNMJCgsMDxJXTlMua2V5c1pOUy5vYmplY3RzViRjbGFzc6INDoACgAOiEBGABIAFgAdccmVsYXRpdmVQYXRoWWFsaWFzRGF0YV8QNS4uLy4uLy4uLy4uLy4uL0NvdXJzL1RBTVVSL0JpYmxpby9Eb2NzL0RpY2VEZXNpZ24ucGRm0hcLGBlXTlMuZGF0YU8RAboAAAAAAboAAgAADE1hY2ludG9zaCBIRAAAAAAAAAAAAAAAAAAAAMpBBgxIKwAAAYz4yw5EaWNlRGVzaWduLnBkZgAAAAAAAAAAAAAAAAAAAAAAAAAAAAAAAAAAAAAAAAAAAAAAAAAAAAAAAAAAAAAAAAABrxrqz5o4XwAAAAAAAAAAAAUABQAACSAAAAAAAAAAAAAAAAAAAAAERG9jcwAQAAgAAMpA6ewAAAARAAgAAM+aHD8AAAABABwBjPjLAYz32AGM76QABjWIAAUCFQAFAhQAAL7sAAIAUE1hY2ludG9zaCBIRDpVc2VyczoASnVzdGU6AERvY3VtZW50czoAQ291cnM6AFRBTVVSOgBCaWJsaW86AERvY3M6AERpY2VEZXNpZ24ucGRmAA4AHgAOAEQAaQBjAGUARABlAHMAaQBnAG4ALgBwAGQAZgAPABoADABNAGEAYwBpAG4AdABvAHMAaAAgAEgARAASADxVc2Vycy9KdXN0ZS9Eb2N1bWVudHMvQ291cnMvVEFNVVIvQmlibGlvL0RvY3MvRGljZURlc2lnbi5wZGYAEwABLwAAFQACAAz//wAAgAbSGxwdHlokY2xhc3NuYW1lWCRjbGFzc2VzXU5TTXV0YWJsZURhdGGjHR8gVk5TRGF0YVhOU09iamVjdNIbHCIjXE5TRGljdGlvbmFyeaIiIF8QD05TS2V5ZWRBcmNoaXZlctEmJ1Ryb290gAEACAARABoAIwAtADIANwBAAEYATQBVAGAAZwBqAGwAbgBxAHMAdQB3AIQAjgDGAMsA0wKRApMCmAKjAqwCugK+AsUCzgLTAuAC4wL1AvgC/QAAAAAAAAIBAAAAAAAAACgAAAAAAAAAAAAAAAAAAAL/}}
