%% This BibTeX bibliography file was created using BibDesk.
%% http://bibdesk.sourceforge.net/


%% Created for Juste Raimbault at 2016-07-04 05:50:01 +0200 


%% Saved with string encoding Occidental (ISO Latin 1) 


@preamble{"\newcommand{\noopsort}[1]{} " #
   "\newcommand{\printfirst}[2]{#1} " #
   "\newcommand{\singleletter}[1]{#1} " #
   "\newcommand{\switchargs}[2]{#2#1} "}


@string{acm = {The OX Association for Computing Machinery}}

@string{stoc = {Symposium on the Theory of Computing}}

@string{stoc-key = {OX{\singleletter{stoc}}}}


@article{grimm2005pattern,
	Author = {Grimm, Volker and Revilla, Eloy and Berger, Uta and Jeltsch, Florian and Mooij, Wolf M and Railsback, Steven F and Thulke, Hans-Hermann and Weiner, Jacob and Wiegand, Thorsten and DeAngelis, Donald L},
	Date-Added = {2016-07-03 19:50:44 +0000},
	Date-Modified = {2016-07-03 19:50:44 +0000},
	Journal = {science},
	Number = {5750},
	Pages = {987--991},
	Publisher = {American Association for the Advancement of Science},
	Title = {Pattern-oriented modeling of agent-based complex systems: lessons from ecology},
	Volume = {310},
	Year = {2005}}

@article{rasmussen2015stochastic,
	Author = {Rasmussen, Thomas Kj{\ae}r and Watling, David Paul and Prato, Carlo Giacomo and Nielsen, Otto Anker},
	Date-Added = {2016-06-22 05:34:54 +0000},
	Date-Modified = {2016-06-22 05:34:54 +0000},
	Journal = {Transportation Research Part B: Methodological},
	Pages = {146--165},
	Publisher = {Elsevier},
	Title = {Stochastic user equilibrium with equilibrated choice sets: Part II--Solving the restricted SUE for the logit family},
	Volume = {77},
	Year = {2015},
	Bdsk-File-1 = {YnBsaXN0MDDUAQIDBAUGJCVYJHZlcnNpb25YJG9iamVjdHNZJGFyY2hpdmVyVCR0b3ASAAGGoKgHCBMUFRYaIVUkbnVsbNMJCgsMDxJXTlMua2V5c1pOUy5vYmplY3RzViRjbGFzc6INDoACgAOiEBGABIAFgAdccmVsYXRpdmVQYXRoWWFsaWFzRGF0YV8QJi4uLy4uLy4uL0JpYmxpby9Eb2NzL3Jhc211c3NlbjIwMTUucGRm0hcLGBlXTlMuZGF0YU8RAgAAAAAAAgAAAgAADE1hY2ludG9zaCBIRAAAAAAAAAAAAAAAAAAAAMpBBgxIKwAAAlXWTBFyYXNtdXNzZW4yMDE1LnBkZgAAAAAAAAAAAAAAAAAAAAAAAAAAAAAAAAAAAAAAAAAAAAAAAAAAAAAAAAAAAAAEU7Cm04/wCAAAAAAAAAAAAAMAAwAACSAAAAAAAAAAAAAAAAAAAAAERG9jcwAQAAgAAMpA6ewAAAARAAgAANOP0+gAAAABABwCVdZMAlXWSwJV1koAkMIpAAUCFQAFAhQAAL7sAAIAcE1hY2ludG9zaCBIRDpVc2VyczoASnVzdGU6AERvY3VtZW50czoAQ29tcGxleFN5c3RlbXM6AFRyYW5zcG9ydGF0aW9uRXF1aWxpYnJpdW06AEJpYmxpbzoARG9jczoAcmFzbXVzc2VuMjAxNS5wZGYADgAkABEAcgBhAHMAbQB1AHMAcwBlAG4AMgAwADEANQAuAHAAZABmAA8AGgAMAE0AYQBjAGkAbgB0AG8AcwBoACAASABEABIAXFVzZXJzL0p1c3RlL0RvY3VtZW50cy9Db21wbGV4U3lzdGVtcy9UcmFuc3BvcnRhdGlvbkVxdWlsaWJyaXVtL0JpYmxpby9Eb2NzL3Jhc211c3NlbjIwMTUucGRmABMAAS8AABUAAgAM//8AAIAG0hscHR5aJGNsYXNzbmFtZVgkY2xhc3Nlc11OU011dGFibGVEYXRhox0fIFZOU0RhdGFYTlNPYmplY3TSGxwiI1xOU0RpY3Rpb25hcnmiIiBfEA9OU0tleWVkQXJjaGl2ZXLRJidUcm9vdIABAAgAEQAaACMALQAyADcAQABGAE0AVQBgAGcAagBsAG4AcQBzAHUAdwCEAI4AtwC8AMQCyALKAs8C2gLjAvEC9QL8AwUDCgMXAxoDLAMvAzQAAAAAAAACAQAAAAAAAAAoAAAAAAAAAAAAAAAAAAADNg==}}

@article{puzis2013augmented,
	Author = {Puzis, Rami and Altshuler, Yaniv and Elovici, Yuval and Bekhor, Shlomo and Shiftan, Yoram and Pentland, Alex},
	Date-Added = {2016-06-22 05:33:04 +0000},
	Date-Modified = {2016-06-22 05:33:04 +0000},
	Journal = {Journal of Intelligent Transportation Systems},
	Number = {1},
	Pages = {91--105},
	Publisher = {Taylor \& Francis},
	Title = {Augmented betweenness centrality for environmentally aware traffic monitoring in transportation networks},
	Volume = {17},
	Year = {2013},
	Bdsk-File-1 = {YnBsaXN0MDDUAQIDBAUGJCVYJHZlcnNpb25YJG9iamVjdHNZJGFyY2hpdmVyVCR0b3ASAAGGoKgHCBMUFRYaIVUkbnVsbNMJCgsMDxJXTlMua2V5c1pOUy5vYmplY3RzViRjbGFzc6INDoACgAOiEBGABIAFgAdccmVsYXRpdmVQYXRoWWFsaWFzRGF0YV8QIi4uLy4uLy4uL0JpYmxpby9Eb2NzL3B1emlzMjAxMy5wZGbSFwsYGVdOUy5kYXRhTxEB8AAAAAAB8AACAAAMTWFjaW50b3NoIEhEAAAAAAAAAAAAAAAAAAAAykEGDEgrAAACVdZMDXB1emlzMjAxMy5wZGYAAAAAAAAAAAAAAAAAAAAAAAAAAAAAAAAAAAAAAAAAAAAAAAAAAAAAAAAAAAAAAAAAAARTsG3Tj++MAAAAAAAAAAAAAwADAAAJIAAAAAAAAAAAAAAAAAAAAAREb2NzABAACAAAykDp7AAAABEACAAA04/TbAAAAAEAHAJV1kwCVdZLAlXWSgCQwikABQIVAAUCFAAAvuwAAgBsTWFjaW50b3NoIEhEOlVzZXJzOgBKdXN0ZToARG9jdW1lbnRzOgBDb21wbGV4U3lzdGVtczoAVHJhbnNwb3J0YXRpb25FcXVpbGlicml1bToAQmlibGlvOgBEb2NzOgBwdXppczIwMTMucGRmAA4AHAANAHAAdQB6AGkAcwAyADAAMQAzAC4AcABkAGYADwAaAAwATQBhAGMAaQBuAHQAbwBzAGgAIABIAEQAEgBYVXNlcnMvSnVzdGUvRG9jdW1lbnRzL0NvbXBsZXhTeXN0ZW1zL1RyYW5zcG9ydGF0aW9uRXF1aWxpYnJpdW0vQmlibGlvL0RvY3MvcHV6aXMyMDEzLnBkZgATAAEvAAAVAAIADP//AACABtIbHB0eWiRjbGFzc25hbWVYJGNsYXNzZXNdTlNNdXRhYmxlRGF0YaMdHyBWTlNEYXRhWE5TT2JqZWN00hscIiNcTlNEaWN0aW9uYXJ5oiIgXxAPTlNLZXllZEFyY2hpdmVy0SYnVHJvb3SAAQAIABEAGgAjAC0AMgA3AEAARgBNAFUAYABnAGoAbABuAHEAcwB1AHcAhACOALMAuADAArQCtgK7AsYCzwLdAuEC6ALxAvYDAwMGAxgDGwMgAAAAAAAAAgEAAAAAAAAAKAAAAAAAAAAAAAAAAAAAAyI=}}

@book{bavoux2005geographie,
	Author = {Bavoux, Jean-Jacques and Beaucire, Francis and Chapelon, Laurent and Zembri, Pierre},
	Date-Added = {2016-06-21 22:15:51 +0000},
	Date-Modified = {2016-06-21 22:15:51 +0000},
	Publisher = {Paris},
	Title = {G{\'e}ographie des transports},
	Year = {2005}}

@article{sullivan2010identifying,
	Author = {Sullivan, JL and Novak, DC and Aultman-Hall, L and Scott, David M},
	Date-Added = {2016-06-21 22:15:17 +0000},
	Date-Modified = {2016-06-21 22:15:17 +0000},
	Journal = {Transportation Research Part A: Policy and Practice},
	Number = {5},
	Pages = {323--336},
	Publisher = {Elsevier},
	Title = {Identifying critical road segments and measuring system-wide robustness in transportation networks with isolating links: a link-based capacity-reduction approach},
	Volume = {44},
	Year = {2010}}

@article{tordeux2016jam,
	Author = {Tordeux, Antoine and Lassarre, Sylvain},
	Date-Added = {2016-06-21 22:13:04 +0000},
	Date-Modified = {2016-06-21 22:13:04 +0000},
	Journal = {arXiv preprint arXiv:1601.07713},
	Title = {Jam avoidance with autonomous systems},
	Year = {2016}}

@article{commenges2013invention,
	Author = {Commenges, H},
	Date-Added = {2016-06-21 22:11:14 +0000},
	Date-Modified = {2016-06-21 22:11:26 +0000},
	Journal = {Theses, Universit{\'e} Paris-Diderot-Paris VII},
	Title = {The invention of daily mobility : Performative aspects of the instruments of economics of transportation.},
	Year = {2013}}

@article{kryvobokov2013comparison,
	Author = {Kryvobokov, Marko and Chesneau, Jean-Baptiste and Bonnafous, Alain and Delons, Jean and Piron, Vincent},
	Date-Added = {2016-06-21 22:10:25 +0000},
	Date-Modified = {2016-06-21 22:10:25 +0000},
	Journal = {Transportation Research Record: Journal of the Transportation Research Board},
	Number = {2344},
	Pages = {49--58},
	Publisher = {Transportation Research Board of the National Academies},
	Title = {Comparison of static and dynamic land use-transport interaction models: PIRANDELLO and UrbanSim applications},
	Year = {2013}}

@article{tsai2005quantifying,
	Author = {Tsai, Yu-Hsin},
	Date-Added = {2016-06-21 22:08:36 +0000},
	Date-Modified = {2016-06-21 22:08:36 +0000},
	Journal = {Urban studies},
	Number = {1},
	Pages = {141--161},
	Publisher = {SAGE Publications},
	Title = {Quantifying urban form: compactness versus' sprawl'},
	Volume = {42},
	Year = {2005}}

@article{guo2011bounded,
	Author = {Guo, Xiaolei and Liu, Henry X},
	Date-Added = {2016-06-21 17:50:25 +0000},
	Date-Modified = {2016-06-21 17:50:25 +0000},
	Journal = {Transportation Research Part B: Methodological},
	Number = {10},
	Pages = {1606--1618},
	Publisher = {Elsevier},
	Title = {Bounded rationality and irreversible network change},
	Volume = {45},
	Year = {2011}}

@article{mahmassani1987boundedly,
	Author = {Mahmassani, Hani S and Chang, Gang-Len},
	Date-Added = {2016-06-21 17:49:13 +0000},
	Date-Modified = {2016-06-21 17:49:13 +0000},
	Journal = {Transportation science},
	Number = {2},
	Pages = {89--99},
	Publisher = {INFORMS},
	Title = {On boundedly rational user equilibrium in transportation systems},
	Volume = {21},
	Year = {1987}}

@article{wardrop1952road,
	Author = {Wardrop, John Glen},
	Date-Added = {2016-06-21 17:45:06 +0000},
	Date-Modified = {2016-06-21 17:45:46 +0000},
	Journal = {Proceedings of the institution of civil engineers},
	Number = {3},
	Pages = {325--362},
	Publisher = {Thomas Telford-ICE Virtual Library},
	Title = {Some theoretical aspects of road traffic research.},
	Volume = {1},
	Year = {1952}}

@article{sheffi1981comparison,
	Author = {Sheffi, Yosef and Powell, Warren},
	Date-Added = {2016-06-21 17:42:11 +0000},
	Date-Modified = {2016-06-21 17:42:11 +0000},
	Journal = {Transportation Research Part B: Methodological},
	Number = {1},
	Pages = {53--64},
	Publisher = {Elsevier},
	Title = {A comparison of stochastic and deterministic traffic assignment over congested networks},
	Volume = {15},
	Year = {1981},
	Bdsk-File-1 = {YnBsaXN0MDDUAQIDBAUGJCVYJHZlcnNpb25YJG9iamVjdHNZJGFyY2hpdmVyVCR0b3ASAAGGoKgHCBMUFRYaIVUkbnVsbNMJCgsMDxJXTlMua2V5c1pOUy5vYmplY3RzViRjbGFzc6INDoACgAOiEBGABIAFgAdccmVsYXRpdmVQYXRoWWFsaWFzRGF0YV8QSC4uLy4uLy4uL0JpYmxpby9Eb2NzL1RyYWZmaWNBc3NpZ25lbWVudF8xLXMyLjAtMDE5MTI2MTU4MTkwMDQ2MS1tYWluLnBkZtIXCxgZV05TLmRhdGFPEQJ0AAAAAAJ0AAIAAAxNYWNpbnRvc2ggSEQAAAAAAAAAAAAAAAAAAADKQQYMSCsAAAJV1kwfVHJhZmZpY0Fzc2lnbmVtZW50XyM0MTRFMTYxLnBkZgAAAAAAAAAAAAAAAAAAAAAAAAAAAAAAAAAAAAAAAAAABBThYdLmhOoAAAAAAAAAAAADAAMAAAkgAAAAAAAAAAAAAAAAAAAABERvY3MAEAAIAADKQOnsAAAAEQAIAADS5nbaAAAAAQAcAlXWTAJV1ksCVdZKAJDCKQAFAhUABQIUAAC+7AACAH5NYWNpbnRvc2ggSEQ6VXNlcnM6AEp1c3RlOgBEb2N1bWVudHM6AENvbXBsZXhTeXN0ZW1zOgBUcmFuc3BvcnRhdGlvbkVxdWlsaWJyaXVtOgBCaWJsaW86AERvY3M6AFRyYWZmaWNBc3NpZ25lbWVudF8jNDE0RTE2MS5wZGYADgBoADMAVAByAGEAZgBmAGkAYwBBAHMAcwBpAGcAbgBlAG0AZQBuAHQAXwAxAC0AcwAyAC4AMAAtADAAMQA5ADEAMgA2ADEANQA4ADEAOQAwADAANAA2ADEALQBtAGEAaQBuAC4AcABkAGYADwAaAAwATQBhAGMAaQBuAHQAbwBzAGgAIABIAEQAEgB+VXNlcnMvSnVzdGUvRG9jdW1lbnRzL0NvbXBsZXhTeXN0ZW1zL1RyYW5zcG9ydGF0aW9uRXF1aWxpYnJpdW0vQmlibGlvL0RvY3MvVHJhZmZpY0Fzc2lnbmVtZW50XzEtczIuMC0wMTkxMjYxNTgxOTAwNDYxLW1haW4ucGRmABMAAS8AABUAAgAM//8AAIAG0hscHR5aJGNsYXNzbmFtZVgkY2xhc3Nlc11OU011dGFibGVEYXRhox0fIFZOU0RhdGFYTlNPYmplY3TSGxwiI1xOU0RpY3Rpb25hcnmiIiBfEA9OU0tleWVkQXJjaGl2ZXLRJidUcm9vdIABAAgAEQAaACMALQAyADcAQABGAE0AVQBgAGcAagBsAG4AcQBzAHUAdwCEAI4A2QDeAOYDXgNgA2UDcAN5A4cDiwOSA5sDoAOtA7ADwgPFA8oAAAAAAAACAQAAAAAAAAAoAAAAAAAAAAAAAAAAAAADzA==}}

@article{pel2012review,
	Author = {Pel, Adam J and Bliemer, Michiel CJ and Hoogendoorn, Serge P},
	Date-Added = {2016-06-21 17:42:11 +0000},
	Date-Modified = {2016-06-21 17:42:11 +0000},
	Journal = {Transportation},
	Number = {1},
	Pages = {97--123},
	Publisher = {Springer},
	Title = {A review on travel behaviour modelling in dynamic traffic simulation models for evacuations},
	Volume = {39},
	Year = {2012},
	Bdsk-File-1 = {YnBsaXN0MDDUAQIDBAUGJCVYJHZlcnNpb25YJG9iamVjdHNZJGFyY2hpdmVyVCR0b3ASAAGGoKgHCBMUFRYaIVUkbnVsbNMJCgsMDxJXTlMua2V5c1pOUy5vYmplY3RzViRjbGFzc6INDoACgAOiEBGABIAFgAdccmVsYXRpdmVQYXRoWWFsaWFzRGF0YV8QSS4uLy4uLy4uL0JpYmxpby9Eb2NzL1RyYXZlbEJlaGF2aW9yX2FydCUzQTEwLjEwMDclMkZzMTExMTYtMDExLTkzMjAtNi5wZGbSFwsYGVdOUy5kYXRhTxECeAAAAAACeAACAAAMTWFjaW50b3NoIEhEAAAAAAAAAAAAAAAAAAAAykEGDEgrAAACVdZMH1RyYXZlbEJlaGF2aW9yX2FydCUjNDE0RTExMS5wZGYAAAAAAAAAAAAAAAAAAAAAAAAAAAAAAAAAAAAAAAAAAAQU4RHS5oTBAAAAAAAAAAAAAwADAAAJIAAAAAAAAAAAAAAAAAAAAAREb2NzABAACAAAykDp7AAAABEACAAA0uZ2sQAAAAEAHAJV1kwCVdZLAlXWSgCQwikABQIVAAUCFAAAvuwAAgB+TWFjaW50b3NoIEhEOlVzZXJzOgBKdXN0ZToARG9jdW1lbnRzOgBDb21wbGV4U3lzdGVtczoAVHJhbnNwb3J0YXRpb25FcXVpbGlicml1bToAQmlibGlvOgBEb2NzOgBUcmF2ZWxCZWhhdmlvcl9hcnQlIzQxNEUxMTEucGRmAA4AagA0AFQAcgBhAHYAZQBsAEIAZQBoAGEAdgBpAG8AcgBfAGEAcgB0ACUAMwBBADEAMAAuADEAMAAwADcAJQAyAEYAcwAxADEAMQAxADYALQAwADEAMQAtADkAMwAyADAALQA2AC4AcABkAGYADwAaAAwATQBhAGMAaQBuAHQAbwBzAGgAIABIAEQAEgB/VXNlcnMvSnVzdGUvRG9jdW1lbnRzL0NvbXBsZXhTeXN0ZW1zL1RyYW5zcG9ydGF0aW9uRXF1aWxpYnJpdW0vQmlibGlvL0RvY3MvVHJhdmVsQmVoYXZpb3JfYXJ0JTNBMTAuMTAwNyUyRnMxMTExNi0wMTEtOTMyMC02LnBkZgAAEwABLwAAFQACAAz//wAAgAbSGxwdHlokY2xhc3NuYW1lWCRjbGFzc2VzXU5TTXV0YWJsZURhdGGjHR8gVk5TRGF0YVhOU09iamVjdNIbHCIjXE5TRGljdGlvbmFyeaIiIF8QD05TS2V5ZWRBcmNoaXZlctEmJ1Ryb290gAEACAARABoAIwAtADIANwBAAEYATQBVAGAAZwBqAGwAbgBxAHMAdQB3AIQAjgDaAN8A5wNjA2UDagN1A34DjAOQA5cDoAOlA7IDtQPHA8oDzwAAAAAAAAIBAAAAAAAAACgAAAAAAAAAAAAAAAAAAAPR}}

@article{leurent2014user,
	Author = {Leurent, Fabien and Boujnah, Houda},
	Date-Added = {2016-06-21 17:42:11 +0000},
	Date-Modified = {2016-06-21 17:42:11 +0000},
	Journal = {Transportation Research Part C: Emerging Technologies},
	Pages = {28--46},
	Publisher = {Elsevier},
	Title = {A user equilibrium, traffic assignment model of network route and parking lot choice, with search circuits and cruising flows},
	Volume = {47},
	Year = {2014},
	Bdsk-File-1 = {YnBsaXN0MDDUAQIDBAUGJCVYJHZlcnNpb25YJG9iamVjdHNZJGFyY2hpdmVyVCR0b3ASAAGGoKgHCBMUFRYaIVUkbnVsbNMJCgsMDxJXTlMua2V5c1pOUy5vYmplY3RzViRjbGFzc6INDoACgAOiEBGABIAFgAdccmVsYXRpdmVQYXRoWWFsaWFzRGF0YV8QRS4uLy4uLy4uL0JpYmxpby9Eb2NzL0xldXJlbnRCb3VqbmFoXzEtczIuMC1TMDk2ODA5MFgxNDAwMjE2Mi1tYWluLnBkZtIXCxgZV05TLmRhdGFPEQJsAAAAAAJsAAIAAAxNYWNpbnRvc2ggSEQAAAAAAAAAAAAAAAAAAADKQQYMSCsAAAJV1kwfTGV1cmVudEJvdWpuYWhfMS1zMiM0MTRFMEVGLnBkZgAAAAAAAAAAAAAAAAAAAAAAAAAAAAAAAAAAAAAAAAAABBTg79LmhKgAAAAAAAAAAAADAAMAAAkgAAAAAAAAAAAAAAAAAAAABERvY3MAEAAIAADKQOnsAAAAEQAIAADS5naYAAAAAQAcAlXWTAJV1ksCVdZKAJDCKQAFAhUABQIUAAC+7AACAH5NYWNpbnRvc2ggSEQ6VXNlcnM6AEp1c3RlOgBEb2N1bWVudHM6AENvbXBsZXhTeXN0ZW1zOgBUcmFuc3BvcnRhdGlvbkVxdWlsaWJyaXVtOgBCaWJsaW86AERvY3M6AExldXJlbnRCb3VqbmFoXzEtczIjNDE0RTBFRi5wZGYADgBiADAATABlAHUAcgBlAG4AdABCAG8AdQBqAG4AYQBoAF8AMQAtAHMAMgAuADAALQBTADAAOQA2ADgAMAA5ADAAWAAxADQAMAAwADIAMQA2ADIALQBtAGEAaQBuAC4AcABkAGYADwAaAAwATQBhAGMAaQBuAHQAbwBzAGgAIABIAEQAEgB7VXNlcnMvSnVzdGUvRG9jdW1lbnRzL0NvbXBsZXhTeXN0ZW1zL1RyYW5zcG9ydGF0aW9uRXF1aWxpYnJpdW0vQmlibGlvL0RvY3MvTGV1cmVudEJvdWpuYWhfMS1zMi4wLVMwOTY4MDkwWDE0MDAyMTYyLW1haW4ucGRmAAATAAEvAAAVAAIADP//AACABtIbHB0eWiRjbGFzc25hbWVYJGNsYXNzZXNdTlNNdXRhYmxlRGF0YaMdHyBWTlNEYXRhWE5TT2JqZWN00hscIiNcTlNEaWN0aW9uYXJ5oiIgXxAPTlNLZXllZEFyY2hpdmVy0SYnVHJvb3SAAQAIABEAGgAjAC0AMgA3AEAARgBNAFUAYABnAGoAbABuAHEAcwB1AHcAhACOANYA2wDjA1MDVQNaA2UDbgN8A4ADhwOQA5UDogOlA7cDugO/AAAAAAAAAgEAAAAAAAAAKAAAAAAAAAAAAAAAAAAAA8E=}}

@article{hunt2015defining,
	Author = {Hunt, Brian R. and Ott, Edward},
	Date-Added = {2016-06-21 17:42:11 +0000},
	Date-Modified = {2016-06-21 17:42:11 +0000},
	Doi = {http://dx.doi.org/10.1063/1.4922973},
	Eid = 097618,
	Journal = {Chaos},
	Number = {9},
	Pages = {-},
	Title = {Defining chaos},
	Url = {http://scitation.aip.org/content/aip/journal/chaos/25/9/10.1063/1.4922973},
	Volume = {25},
	Year = {2015},
	Bdsk-Url-1 = {http://scitation.aip.org/content/aip/journal/chaos/25/9/10.1063/1.4922973},
	Bdsk-Url-2 = {http://dx.doi.org/10.1063/1.4922973}}

@inproceedings{zhu2010people,
	Author = {Zhu, Shanjiang and Levinson, David},
	Booktitle = {91th annual meeting of the Transportation Research Board, Washington},
	Date-Added = {2016-06-21 17:42:11 +0000},
	Date-Modified = {2016-06-21 17:42:11 +0000},
	Organization = {Citeseer},
	Title = {Do people use the shortest path? An empirical test of Wardrop's first principle},
	Volume = {8},
	Year = {2010},
	Bdsk-File-1 = {YnBsaXN0MDDUAQIDBAUGJCVYJHZlcnNpb25YJG9iamVjdHNZJGFyY2hpdmVyVCR0b3ASAAGGoKgHCBMUFRYaIVUkbnVsbNMJCgsMDxJXTlMua2V5c1pOUy5vYmplY3RzViRjbGFzc6INDoACgAOiEBGABIAFgAdccmVsYXRpdmVQYXRoWWFsaWFzRGF0YV8QRC4uLy4uLy4uL0JpYmxpby9Eb2NzL1Nob3J0ZXN0UGF0aEFzc3VtcHRpb25fam91cm5hbC5wb25lLjAxMzQzMjIucGRm0hcLGBlXTlMuZGF0YU8RAmgAAAAAAmgAAgAADE1hY2ludG9zaCBIRAAAAAAAAAAAAAAAAAAAAMpBBgxIKwAAAlXWTB9TaG9ydGVzdFBhdGhBc3N1bXB0IzM3MDM3RTYucGRmAAAAAAAAAAAAAAAAAAAAAAAAAAAAAAAAAAAAAAAAAAADcDfm0krogQAAAAAAAAAAAAMAAwAACSAAAAAAAAAAAAAAAAAAAAAERG9jcwAQAAgAAMpA6ewAAAARAAgAANJKzGEAAAABABwCVdZMAlXWSwJV1koAkMIpAAUCFQAFAhQAAL7sAAIAfk1hY2ludG9zaCBIRDpVc2VyczoASnVzdGU6AERvY3VtZW50czoAQ29tcGxleFN5c3RlbXM6AFRyYW5zcG9ydGF0aW9uRXF1aWxpYnJpdW06AEJpYmxpbzoARG9jczoAU2hvcnRlc3RQYXRoQXNzdW1wdCMzNzAzN0U2LnBkZgAOAGAALwBTAGgAbwByAHQAZQBzAHQAUABhAHQAaABBAHMAcwB1AG0AcAB0AGkAbwBuAF8AagBvAHUAcgBuAGEAbAAuAHAAbwBuAGUALgAwADEAMwA0ADMAMgAyAC4AcABkAGYADwAaAAwATQBhAGMAaQBuAHQAbwBzAGgAIABIAEQAEgB6VXNlcnMvSnVzdGUvRG9jdW1lbnRzL0NvbXBsZXhTeXN0ZW1zL1RyYW5zcG9ydGF0aW9uRXF1aWxpYnJpdW0vQmlibGlvL0RvY3MvU2hvcnRlc3RQYXRoQXNzdW1wdGlvbl9qb3VybmFsLnBvbmUuMDEzNDMyMi5wZGYAEwABLwAAFQACAAz//wAAgAbSGxwdHlokY2xhc3NuYW1lWCRjbGFzc2VzXU5TTXV0YWJsZURhdGGjHR8gVk5TRGF0YVhOU09iamVjdNIbHCIjXE5TRGljdGlvbmFyeaIiIF8QD05TS2V5ZWRBcmNoaXZlctEmJ1Ryb290gAEACAARABoAIwAtADIANwBAAEYATQBVAGAAZwBqAGwAbgBxAHMAdQB3AIQAjgDVANoA4gNOA1ADVQNgA2kDdwN7A4IDiwOQA50DoAOyA7UDugAAAAAAAAIBAAAAAAAAACgAAAAAAAAAAAAAAAAAAAO8}}

@article{zhang2013dynamic,
	Author = {Zhang, Kuilin and Mahmassani, Hani S and Lu, Chung-Cheng},
	Date-Added = {2016-06-21 17:42:11 +0000},
	Date-Modified = {2016-06-21 17:42:11 +0000},
	Journal = {Transportation Research Part C: Emerging Technologies},
	Pages = {189--204},
	Publisher = {Elsevier},
	Title = {Dynamic pricing, heterogeneous users and perception error: Probit-based bi-criterion dynamic stochastic user equilibrium assignment},
	Volume = {27},
	Year = {2013},
	Bdsk-File-1 = {YnBsaXN0MDDUAQIDBAUGJCVYJHZlcnNpb25YJG9iamVjdHNZJGFyY2hpdmVyVCR0b3ASAAGGoKgHCBMUFRYaIVUkbnVsbNMJCgsMDxJXTlMua2V5c1pOUy5vYmplY3RzViRjbGFzc6INDoACgAOiEBGABIAFgAdccmVsYXRpdmVQYXRoWWFsaWFzRGF0YV8QRi4uLy4uLy4uL0JpYmxpby9Eb2NzL0Jpb2JqZWN0aXZlRFNVRV8xLXMyLjAtUzA5NjgwOTBYMTIwMDA3NTctbWFpbi5wZGbSFwsYGVdOUy5kYXRhTxECbgAAAAACbgACAAAMTWFjaW50b3NoIEhEAAAAAAAAAAAAAAAAAAAAykEGDEgrAAACVdZMH0Jpb2JqZWN0aXZlRFNVRV8xLXMjNDM1RjZCNi5wZGYAAAAAAAAAAAAAAAAAAAAAAAAAAAAAAAAAAAAAAAAAAAQ19rbTS/ZcAAAAAAAAAAAAAwADAAAJIAAAAAAAAAAAAAAAAAAAAAREb2NzABAACAAAykDp7AAAABEACAAA00vaPAAAAAEAHAJV1kwCVdZLAlXWSgCQwikABQIVAAUCFAAAvuwAAgB+TWFjaW50b3NoIEhEOlVzZXJzOgBKdXN0ZToARG9jdW1lbnRzOgBDb21wbGV4U3lzdGVtczoAVHJhbnNwb3J0YXRpb25FcXVpbGlicml1bToAQmlibGlvOgBEb2NzOgBCaW9iamVjdGl2ZURTVUVfMS1zIzQzNUY2QjYucGRmAA4AZAAxAEIAaQBvAGIAagBlAGMAdABpAHYAZQBEAFMAVQBFAF8AMQAtAHMAMgAuADAALQBTADAAOQA2ADgAMAA5ADAAWAAxADIAMAAwADAANwA1ADcALQBtAGEAaQBuAC4AcABkAGYADwAaAAwATQBhAGMAaQBuAHQAbwBzAGgAIABIAEQAEgB8VXNlcnMvSnVzdGUvRG9jdW1lbnRzL0NvbXBsZXhTeXN0ZW1zL1RyYW5zcG9ydGF0aW9uRXF1aWxpYnJpdW0vQmlibGlvL0RvY3MvQmlvYmplY3RpdmVEU1VFXzEtczIuMC1TMDk2ODA5MFgxMjAwMDc1Ny1tYWluLnBkZgATAAEvAAAVAAIADP//AACABtIbHB0eWiRjbGFzc25hbWVYJGNsYXNzZXNdTlNNdXRhYmxlRGF0YaMdHyBWTlNEYXRhWE5TT2JqZWN00hscIiNcTlNEaWN0aW9uYXJ5oiIgXxAPTlNLZXllZEFyY2hpdmVy0SYnVHJvb3SAAQAIABEAGgAjAC0AMgA3AEAARgBNAFUAYABnAGoAbABuAHEAcwB1AHcAhACOANcA3ADkA1YDWANdA2gDcQN/A4MDigOTA5gDpQOoA7oDvQPCAAAAAAAAAgEAAAAAAAAAKAAAAAAAAAAAAAAAAAAAA8Q=}}

@article{han2003dynamic,
	Author = {Han, Sangjin},
	Date-Added = {2016-06-21 17:42:11 +0000},
	Date-Modified = {2016-06-21 17:42:11 +0000},
	Journal = {Transportation Research Part B: Methodological},
	Number = {3},
	Pages = {225--249},
	Publisher = {Elsevier},
	Title = {Dynamic traffic modelling and dynamic stochastic user equilibrium assignment for general road networks},
	Volume = {37},
	Year = {2003},
	Bdsk-File-1 = {YnBsaXN0MDDUAQIDBAUGJCVYJHZlcnNpb25YJG9iamVjdHNZJGFyY2hpdmVyVCR0b3ASAAGGoKgHCBMUFRYaIVUkbnVsbNMJCgsMDxJXTlMua2V5c1pOUy5vYmplY3RzViRjbGFzc6INDoACgAOiEBGABIAFgAdccmVsYXRpdmVQYXRoWWFsaWFzRGF0YV8QTS4uLy4uLy4uL0JpYmxpby9Eb2NzL0R5bmFtaWNVc2VyRXF1aWxpYnJpdW1fMS1zMi4wLVMwMTkxMjYxNTAyMDAwMDk3LW1haW4ucGRm0hcLGBlXTlMuZGF0YU8RAoQAAAAAAoQAAgAADE1hY2ludG9zaCBIRAAAAAAAAAAAAAAAAAAAAMpBBgxIKwAAAlXWTB9EeW5hbWljVXNlckVxdWlsaWJyIzQxNEUxMzUucGRmAAAAAAAAAAAAAAAAAAAAAAAAAAAAAAAAAAAAAAAAAAAEFOE10uaE1gAAAAAAAAAAAAMAAwAACSAAAAAAAAAAAAAAAAAAAAAERG9jcwAQAAgAAMpA6ewAAAARAAgAANLmdsYAAAABABwCVdZMAlXWSwJV1koAkMIpAAUCFQAFAhQAAL7sAAIAfk1hY2ludG9zaCBIRDpVc2VyczoASnVzdGU6AERvY3VtZW50czoAQ29tcGxleFN5c3RlbXM6AFRyYW5zcG9ydGF0aW9uRXF1aWxpYnJpdW06AEJpYmxpbzoARG9jczoARHluYW1pY1VzZXJFcXVpbGliciM0MTRFMTM1LnBkZgAOAHIAOABEAHkAbgBhAG0AaQBjAFUAcwBlAHIARQBxAHUAaQBsAGkAYgByAGkAdQBtAF8AMQAtAHMAMgAuADAALQBTADAAMQA5ADEAMgA2ADEANQAwADIAMAAwADAAMAA5ADcALQBtAGEAaQBuAC4AcABkAGYADwAaAAwATQBhAGMAaQBuAHQAbwBzAGgAIABIAEQAEgCDVXNlcnMvSnVzdGUvRG9jdW1lbnRzL0NvbXBsZXhTeXN0ZW1zL1RyYW5zcG9ydGF0aW9uRXF1aWxpYnJpdW0vQmlibGlvL0RvY3MvRHluYW1pY1VzZXJFcXVpbGlicml1bV8xLXMyLjAtUzAxOTEyNjE1MDIwMDAwOTctbWFpbi5wZGYAABMAAS8AABUAAgAM//8AAIAG0hscHR5aJGNsYXNzbmFtZVgkY2xhc3Nlc11OU011dGFibGVEYXRhox0fIFZOU0RhdGFYTlNPYmplY3TSGxwiI1xOU0RpY3Rpb25hcnmiIiBfEA9OU0tleWVkQXJjaGl2ZXLRJidUcm9vdIABAAgAEQAaACMALQAyADcAQABGAE0AVQBgAGcAagBsAG4AcQBzAHUAdwCEAI4A3gDjAOsDcwN1A3oDhQOOA5wDoAOnA7ADtQPCA8UD1wPaA98AAAAAAAACAQAAAAAAAAAoAAAAAAAAAAAAAAAAAAAD4Q==}}

@article{10.1371/journal.pone.0089980,
	Abstract = {<p>Social systems have recently attracted much attention, with attempts to understand social behavior with the aid of statistical mechanics applied to complex systems. Collective properties of such systems emerge from couplings between components, for example, individual persons, transportation nodes such as airports or subway stations, and administrative districts. Among various collective properties, criticality is known as a characteristic property of a complex system, which helps the systems to respond flexibly to external perturbations. This work considers the criticality of the urban transportation system entailed in the massive smart card data on the Seoul transportation network. Analyzing the passenger flow on the Seoul bus system during one week, we find explicit power-law correlations in the system, that is, power-law behavior of the strength correlation function of bus stops and verify scale invariance of the strength fluctuations. Such criticality is probed by means of the scaling and renormalization analysis of the modified gravity model applied to the system. Here a group of nearby (bare) bus stops are transformed into a (renormalized) ``block stop'' and the scaling relations of the network density turn out to be closely related to the fractal dimensions of the system, revealing the underlying structure. Specifically, the resulting renormalized values of the gravity exponent and of the Hill coefficient give a good description of the Seoul bus system: The former measures the characteristic dimensionality of the network whereas the latter reflects the coupling between distinct transportation modes. It is thus demonstrated that such ideas of physics as scaling and renormalization can be applied successfully to social phenomena exemplified by the passenger flow.</p>},
	Author = {Goh, Segun AND Lee, Keumsook AND Choi, MooYoung AND Fortin, Jean-Yves},
	Date-Added = {2016-06-21 17:42:11 +0000},
	Date-Modified = {2016-06-21 17:42:11 +0000},
	Doi = {10.1371/journal.pone.0089980},
	Journal = {PLoS ONE},
	Month = {03},
	Number = {3},
	Pages = {e89980},
	Publisher = {Public Library of Science},
	Title = {Emergence of Criticality in the Transportation Passenger Flow: Scaling and Renormalization in the Seoul Bus System},
	Url = {http://dx.doi.org/10.1371%2Fjournal.pone.0089980},
	Volume = {9},
	Year = {2014},
	Bdsk-File-1 = {YnBsaXN0MDDUAQIDBAUGJCVYJHZlcnNpb25YJG9iamVjdHNZJGFyY2hpdmVyVCR0b3ASAAGGoKgHCBMUFRYaIVUkbnVsbNMJCgsMDxJXTlMua2V5c1pOUy5vYmplY3RzViRjbGFzc6INDoACgAOiEBGABIAFgAdccmVsYXRpdmVQYXRoWWFsaWFzRGF0YV8QQC4uLy4uLy4uL0JpYmxpby9Eb2NzL0NyaXRpY2FsaXR5U2NhbGluZ19qb3VybmFsLnBvbmUuMDA4OTk4MC5wZGbSFwsYGVdOUy5kYXRhTxECXAAAAAACXAACAAAMTWFjaW50b3NoIEhEAAAAAAAAAAAAAAAAAAAAykEGDEgrAAACVdZMH0NyaXRpY2FsaXR5U2NhbGluZ18jMjY1RDI2OS5wZGYAAAAAAAAAAAAAAAAAAAAAAAAAAAAAAAAAAAAAAAAAAAJl0mnRXUCNAAAAAAAAAAAAAwADAAAJIAAAAAAAAAAAAAAAAAAAAAREb2NzABAACAAAykDp7AAAABEACAAA0V0kbQAAAAEAHAJV1kwCVdZLAlXWSgCQwikABQIVAAUCFAAAvuwAAgB+TWFjaW50b3NoIEhEOlVzZXJzOgBKdXN0ZToARG9jdW1lbnRzOgBDb21wbGV4U3lzdGVtczoAVHJhbnNwb3J0YXRpb25FcXVpbGlicml1bToAQmlibGlvOgBEb2NzOgBDcml0aWNhbGl0eVNjYWxpbmdfIzI2NUQyNjkucGRmAA4AWAArAEMAcgBpAHQAaQBjAGEAbABpAHQAeQBTAGMAYQBsAGkAbgBnAF8AagBvAHUAcgBuAGEAbAAuAHAAbwBuAGUALgAwADAAOAA5ADkAOAAwAC4AcABkAGYADwAaAAwATQBhAGMAaQBuAHQAbwBzAGgAIABIAEQAEgB2VXNlcnMvSnVzdGUvRG9jdW1lbnRzL0NvbXBsZXhTeXN0ZW1zL1RyYW5zcG9ydGF0aW9uRXF1aWxpYnJpdW0vQmlibGlvL0RvY3MvQ3JpdGljYWxpdHlTY2FsaW5nX2pvdXJuYWwucG9uZS4wMDg5OTgwLnBkZgATAAEvAAAVAAIADP//AACABtIbHB0eWiRjbGFzc25hbWVYJGNsYXNzZXNdTlNNdXRhYmxlRGF0YaMdHyBWTlNEYXRhWE5TT2JqZWN00hscIiNcTlNEaWN0aW9uYXJ5oiIgXxAPTlNLZXllZEFyY2hpdmVy0SYnVHJvb3SAAQAIABEAGgAjAC0AMgA3AEAARgBNAFUAYABnAGoAbABuAHEAcwB1AHcAhACOANEA1gDeAz4DQANFA1ADWQNnA2sDcgN7A4ADjQOQA6IDpQOqAAAAAAAAAgEAAAAAAAAAKAAAAAAAAAAAAAAAAAAAA6w=},
	Bdsk-Url-1 = {http://dx.doi.org/10.1371%2Fjournal.pone.0089980},
	Bdsk-Url-2 = {http://dx.doi.org/10.1371/journal.pone.0089980}}

@article{peeta2001foundations,
	Author = {Peeta, Srinivas and Ziliaskopoulos, Athanasios K},
	Date-Added = {2016-06-21 17:42:11 +0000},
	Date-Modified = {2016-06-21 17:42:11 +0000},
	Journal = {Networks and Spatial Economics},
	Number = {3-4},
	Pages = {233--265},
	Publisher = {Springer},
	Title = {Foundations of dynamic traffic assignment: The past, the present and the future},
	Volume = {1},
	Year = {2001},
	Bdsk-File-1 = {YnBsaXN0MDDUAQIDBAUGJCVYJHZlcnNpb25YJG9iamVjdHNZJGFyY2hpdmVyVCR0b3ASAAGGoKgHCBMUFRYaIVUkbnVsbNMJCgsMDxJXTlMua2V5c1pOUy5vYmplY3RzViRjbGFzc6INDoACgAOiEBGABIAFgAdccmVsYXRpdmVQYXRoWWFsaWFzRGF0YV8QIi4uLy4uLy4uL0JpYmxpby9Eb2NzL3BlZXRhMjAwMS5wZGbSFwsYGVdOUy5kYXRhTxEB8AAAAAAB8AACAAAMTWFjaW50b3NoIEhEAAAAAAAAAAAAAAAAAAAAykEGDEgrAAACVdZMDXBlZXRhMjAwMS5wZGYAAAAAAAAAAAAAAAAAAAAAAAAAAAAAAAAAAAAAAAAAAAAAAAAAAAAAAAAAAAAAAAAAAAQU4MDS5oSRAAAAAAAAAAAAAwADAAAJIAAAAAAAAAAAAAAAAAAAAAREb2NzABAACAAAykDp7AAAABEACAAA0uZ2gQAAAAEAHAJV1kwCVdZLAlXWSgCQwikABQIVAAUCFAAAvuwAAgBsTWFjaW50b3NoIEhEOlVzZXJzOgBKdXN0ZToARG9jdW1lbnRzOgBDb21wbGV4U3lzdGVtczoAVHJhbnNwb3J0YXRpb25FcXVpbGlicml1bToAQmlibGlvOgBEb2NzOgBwZWV0YTIwMDEucGRmAA4AHAANAHAAZQBlAHQAYQAyADAAMAAxAC4AcABkAGYADwAaAAwATQBhAGMAaQBuAHQAbwBzAGgAIABIAEQAEgBYVXNlcnMvSnVzdGUvRG9jdW1lbnRzL0NvbXBsZXhTeXN0ZW1zL1RyYW5zcG9ydGF0aW9uRXF1aWxpYnJpdW0vQmlibGlvL0RvY3MvcGVldGEyMDAxLnBkZgATAAEvAAAVAAIADP//AACABtIbHB0eWiRjbGFzc25hbWVYJGNsYXNzZXNdTlNNdXRhYmxlRGF0YaMdHyBWTlNEYXRhWE5TT2JqZWN00hscIiNcTlNEaWN0aW9uYXJ5oiIgXxAPTlNLZXllZEFyY2hpdmVy0SYnVHJvb3SAAQAIABEAGgAjAC0AMgA3AEAARgBNAFUAYABnAGoAbABuAHEAcwB1AHcAhACOALMAuADAArQCtgK7AsYCzwLdAuEC6ALxAvYDAwMGAxgDGwMgAAAAAAAAAgEAAAAAAAAAKAAAAAAAAAAAAAAAAAAAAyI=}}

@article{2016arXiv160107713T,
	Adsnote = {Provided by the SAO/NASA Astrophysics Data System},
	Adsurl = {http://adsabs.harvard.edu/abs/2016arXiv160107713T},
	Archiveprefix = {arXiv},
	Author = {{Tordeux}, A. and {Lassarre}, S.},
	Date-Added = {2016-06-21 17:42:11 +0000},
	Date-Modified = {2016-06-21 17:42:11 +0000},
	Eprint = {1601.07713},
	Journal = {ArXiv e-prints},
	Keywords = {Physics - Physics and Society, Nonlinear Sciences - Adaptation and Self-Organizing Systems},
	Month = jan,
	Primaryclass = {physics.soc-ph},
	Title = {{Jam avoidance with autonomous systems}},
	Year = 2016,
	Bdsk-File-1 = {YnBsaXN0MDDUAQIDBAUGJCVYJHZlcnNpb25YJG9iamVjdHNZJGFyY2hpdmVyVCR0b3ASAAGGoKgHCBMUFRYaIVUkbnVsbNMJCgsMDxJXTlMua2V5c1pOUy5vYmplY3RzViRjbGFzc6INDoACgAOiEBGABIAFgAdccmVsYXRpdmVQYXRoWWFsaWFzRGF0YV8QOS4uLy4uLy4uL0JpYmxpby9Eb2NzL1RyYWZmaWNKYW1MeWFwb3Vub3ZfMTYwMS4wNzcxM3YxLnBkZtIXCxgZV05TLmRhdGFPEQJIAAAAAAJIAAIAAAxNYWNpbnRvc2ggSEQAAAAAAAAAAAAAAAAAAADKQQYMSCsAAAJV1kwfVHJhZmZpY0phbUx5YXBvdW5vdiM0MDNFQjA4LnBkZgAAAAAAAAAAAAAAAAAAAAAAAAAAAAAAAAAAAAAAAAAABAPrCNLQ3QUAAAAAAAAAAAADAAMAAAkgAAAAAAAAAAAAAAAAAAAABERvY3MAEAAIAADKQOnsAAAAEQAIAADS0M71AAAAAQAcAlXWTAJV1ksCVdZKAJDCKQAFAhUABQIUAAC+7AACAH5NYWNpbnRvc2ggSEQ6VXNlcnM6AEp1c3RlOgBEb2N1bWVudHM6AENvbXBsZXhTeXN0ZW1zOgBUcmFuc3BvcnRhdGlvbkVxdWlsaWJyaXVtOgBCaWJsaW86AERvY3M6AFRyYWZmaWNKYW1MeWFwb3Vub3YjNDAzRUIwOC5wZGYADgBKACQAVAByAGEAZgBmAGkAYwBKAGEAbQBMAHkAYQBwAG8AdQBuAG8AdgBfADEANgAwADEALgAwADcANwAxADMAdgAxAC4AcABkAGYADwAaAAwATQBhAGMAaQBuAHQAbwBzAGgAIABIAEQAEgBvVXNlcnMvSnVzdGUvRG9jdW1lbnRzL0NvbXBsZXhTeXN0ZW1zL1RyYW5zcG9ydGF0aW9uRXF1aWxpYnJpdW0vQmlibGlvL0RvY3MvVHJhZmZpY0phbUx5YXBvdW5vdl8xNjAxLjA3NzEzdjEucGRmAAATAAEvAAAVAAIADP//AACABtIbHB0eWiRjbGFzc25hbWVYJGNsYXNzZXNdTlNNdXRhYmxlRGF0YaMdHyBWTlNEYXRhWE5TT2JqZWN00hscIiNcTlNEaWN0aW9uYXJ5oiIgXxAPTlNLZXllZEFyY2hpdmVy0SYnVHJvb3SAAQAIABEAGgAjAC0AMgA3AEAARgBNAFUAYABnAGoAbABuAHEAcwB1AHcAhACOAMoAzwDXAyMDJQMqAzUDPgNMA1ADVwNgA2UDcgN1A4cDigOPAAAAAAAAAgEAAAAAAAAAKAAAAAAAAAAAAAAAAAAAA5E=}}

@article{lee2011master,
	Author = {Lee, Keumsook and Goh, Segun and Park, Jong Soo and Jung, Woo-Sung and Choi, MY},
	Date-Added = {2016-06-21 17:42:11 +0000},
	Date-Modified = {2016-06-21 17:42:11 +0000},
	Journal = {Journal of Physics A: Mathematical and Theoretical},
	Number = {11},
	Pages = {115007},
	Publisher = {IOP Publishing},
	Title = {Master equation approach to the intra-urban passenger flow and application to the Metropolitan Seoul Subway system},
	Volume = {44},
	Year = {2011},
	Bdsk-File-1 = {YnBsaXN0MDDUAQIDBAUGJCVYJHZlcnNpb25YJG9iamVjdHNZJGFyY2hpdmVyVCR0b3ASAAGGoKgHCBMUFRYaIVUkbnVsbNMJCgsMDxJXTlMua2V5c1pOUy5vYmplY3RzViRjbGFzc6INDoACgAOiEBGABIAFgAdccmVsYXRpdmVQYXRoWWFsaWFzRGF0YV8QPi4uLy4uLy4uL0JpYmxpby9Eb2NzL01hc3RlckVxdWF0aW9uXzE3NTEtODEyMV80NF8xMV8xMTUwMDcucGRm0hcLGBlXTlMuZGF0YU8RAlYAAAAAAlYAAgAADE1hY2ludG9zaCBIRAAAAAAAAAAAAAAAAAAAAMpBBgxIKwAAAlXWTB9NYXN0ZXJFcXVhdGlvbl8xNzUxIzI2NUM0RkMucGRmAAAAAAAAAAAAAAAAAAAAAAAAAAAAAAAAAAAAAAAAAAACZcT80V05ngAAAAAAAAAAAAMAAwAACSAAAAAAAAAAAAAAAAAAAAAERG9jcwAQAAgAAMpA6ewAAAARAAgAANFdHX4AAAABABwCVdZMAlXWSwJV1koAkMIpAAUCFQAFAhQAAL7sAAIAfk1hY2ludG9zaCBIRDpVc2VyczoASnVzdGU6AERvY3VtZW50czoAQ29tcGxleFN5c3RlbXM6AFRyYW5zcG9ydGF0aW9uRXF1aWxpYnJpdW06AEJpYmxpbzoARG9jczoATWFzdGVyRXF1YXRpb25fMTc1MSMyNjVDNEZDLnBkZgAOAFQAKQBNAGEAcwB0AGUAcgBFAHEAdQBhAHQAaQBvAG4AXwAxADcANQAxAC0AOAAxADIAMQBfADQANABfADEAMQBfADEAMQA1ADAAMAA3AC4AcABkAGYADwAaAAwATQBhAGMAaQBuAHQAbwBzAGgAIABIAEQAEgB0VXNlcnMvSnVzdGUvRG9jdW1lbnRzL0NvbXBsZXhTeXN0ZW1zL1RyYW5zcG9ydGF0aW9uRXF1aWxpYnJpdW0vQmlibGlvL0RvY3MvTWFzdGVyRXF1YXRpb25fMTc1MS04MTIxXzQ0XzExXzExNTAwNy5wZGYAEwABLwAAFQACAAz//wAAgAbSGxwdHlokY2xhc3NuYW1lWCRjbGFzc2VzXU5TTXV0YWJsZURhdGGjHR8gVk5TRGF0YVhOU09iamVjdNIbHCIjXE5TRGljdGlvbmFyeaIiIF8QD05TS2V5ZWRBcmNoaXZlctEmJ1Ryb290gAEACAARABoAIwAtADIANwBAAEYATQBVAGAAZwBqAGwAbgBxAHMAdQB3AIQAjgDPANQA3AM2AzgDPQNIA1EDXwNjA2oDcwN4A4UDiAOaA50DogAAAAAAAAIBAAAAAAAAACgAAAAAAAAAAAAAAAAAAAOk}}

@inproceedings{schulz2003performance,
	Author = {Schulz, Andreas S and Moses, NS},
	Booktitle = {Proceedings of the 14th Annual ACM-SIAM Symposium on Discrete Algorithms (SODA)},
	Date-Added = {2016-06-21 17:42:11 +0000},
	Date-Modified = {2016-06-21 17:42:11 +0000},
	Pages = {86--87},
	Title = {On the performance of user equilibria in traffic networks},
	Year = {2003},
	Bdsk-File-1 = {YnBsaXN0MDDUAQIDBAUGJCVYJHZlcnNpb25YJG9iamVjdHNZJGFyY2hpdmVyVCR0b3ASAAGGoKgHCBMUFRYaIVUkbnVsbNMJCgsMDxJXTlMua2V5c1pOUy5vYmplY3RzViRjbGFzc6INDoACgAOiEBGABIAFgAdccmVsYXRpdmVQYXRoWWFsaWFzRGF0YV8QHy4uLy4uLy4uL0JpYmxpby9Eb2NzL1N0aWVyMS5wZGbSFwsYGVdOUy5kYXRhTxEB5gAAAAAB5gACAAAMTWFjaW50b3NoIEhEAAAAAAAAAAAAAAAAAAAAykEGDEgrAAACVdZMClN0aWVyMS5wZGYAAAAAAAAAAAAAAAAAAAAAAAAAAAAAAAAAAAAAAAAAAAAAAAAAAAAAAAAAAAAAAAAAAAAAAAQ2IEjTTBg+AAAAAAAAAAAAAwADAAAJIAAAAAAAAAAAAAAAAAAAAAREb2NzABAACAAAykDp7AAAABEACAAA00v8HgAAAAEAHAJV1kwCVdZLAlXWSgCQwikABQIVAAUCFAAAvuwAAgBpTWFjaW50b3NoIEhEOlVzZXJzOgBKdXN0ZToARG9jdW1lbnRzOgBDb21wbGV4U3lzdGVtczoAVHJhbnNwb3J0YXRpb25FcXVpbGlicml1bToAQmlibGlvOgBEb2NzOgBTdGllcjEucGRmAAAOABYACgBTAHQAaQBlAHIAMQAuAHAAZABmAA8AGgAMAE0AYQBjAGkAbgB0AG8AcwBoACAASABEABIAVVVzZXJzL0p1c3RlL0RvY3VtZW50cy9Db21wbGV4U3lzdGVtcy9UcmFuc3BvcnRhdGlvbkVxdWlsaWJyaXVtL0JpYmxpby9Eb2NzL1N0aWVyMS5wZGYAABMAAS8AABUAAgAM//8AAIAG0hscHR5aJGNsYXNzbmFtZVgkY2xhc3Nlc11OU011dGFibGVEYXRhox0fIFZOU0RhdGFYTlNPYmplY3TSGxwiI1xOU0RpY3Rpb25hcnmiIiBfEA9OU0tleWVkQXJjaGl2ZXLRJidUcm9vdIABAAgAEQAaACMALQAyADcAQABGAE0AVQBgAGcAagBsAG4AcQBzAHUAdwCEAI4AsAC1AL0CpwKpAq4CuQLCAtAC1ALbAuQC6QL2AvkDCwMOAxMAAAAAAAACAQAAAAAAAAAoAAAAAAAAAAAAAAAAAAADFQ==}}

@article{bouteiller2013open,
	Author = {Bouteiller, Catherine and Berjoan, Sybille},
	Date-Added = {2016-06-21 17:42:11 +0000},
	Date-Modified = {2016-06-21 18:01:13 +0000},
	Title = {Open data en transport urbain: quelles sont les donn{\'e}es mises {\`a} disposition? Quelles sont les strat{\'e}gies des autorit{\'e}s organisatrices?},
	Year = {2013},
	Bdsk-File-1 = {YnBsaXN0MDDUAQIDBAUGJCVYJHZlcnNpb25YJG9iamVjdHNZJGFyY2hpdmVyVCR0b3ASAAGGoKgHCBMUFRYaIVUkbnVsbNMJCgsMDxJXTlMua2V5c1pOUy5vYmplY3RzViRjbGFzc6INDoACgAOiEBGABIAFgAdccmVsYXRpdmVQYXRoWWFsaWFzRGF0YV8QVS4uLy4uLy4uL0JpYmxpby9Eb2NzL0FSVElDTEVfT3Blbl9kYXRhX2V0X21vYmlsaXRBX3N0cmF0QV9naWVfZF9hY3RldXJzX1YyX2p1aW4xMy5wZGbSFwsYGVdOUy5kYXRhTxECnAAAAAACnAACAAAMTWFjaW50b3NoIEhEAAAAAAAAAAAAAAAAAAAAykEGDEgrAAACVdZMH0FSVElDTEVfT3Blbl9kYXRhX2UjMjY4RUY4Ny5wZGYAAAAAAAAAAAAAAAAAAAAAAAAAAAAAAAAAAAAAAAAAAAJo74fRZAWFAAAAAAAAAAAAAwADAAAJIAAAAAAAAAAAAAAAAAAAAAREb2NzABAACAAAykDp7AAAABEACAAA0WPpZQAAAAEAHAJV1kwCVdZLAlXWSgCQwikABQIVAAUCFAAAvuwAAgB+TWFjaW50b3NoIEhEOlVzZXJzOgBKdXN0ZToARG9jdW1lbnRzOgBDb21wbGV4U3lzdGVtczoAVHJhbnNwb3J0YXRpb25FcXVpbGlicml1bToAQmlibGlvOgBEb2NzOgBBUlRJQ0xFX09wZW5fZGF0YV9lIzI2OEVGODcucGRmAA4AggBAAEEAUgBUAEkAQwBMAEUAXwBPAHAAZQBuAF8AZABhAHQAYQBfAGUAdABfAG0AbwBiAGkAbABpAHQAQQBfAHMAdAByAGEAdABBAF8AZwBpAGUAXwBkAF8AYQBjAHQAZQB1AHIAcwBfAFYAMgBfAGoAdQBpAG4AMQAzAC4AcABkAGYADwAaAAwATQBhAGMAaQBuAHQAbwBzAGgAIABIAEQAEgCLVXNlcnMvSnVzdGUvRG9jdW1lbnRzL0NvbXBsZXhTeXN0ZW1zL1RyYW5zcG9ydGF0aW9uRXF1aWxpYnJpdW0vQmlibGlvL0RvY3MvQVJUSUNMRV9PcGVuX2RhdGFfZXRfbW9iaWxpdEFfc3RyYXRBX2dpZV9kX2FjdGV1cnNfVjJfanVpbjEzLnBkZgAAEwABLwAAFQACAAz//wAAgAbSGxwdHlokY2xhc3NuYW1lWCRjbGFzc2VzXU5TTXV0YWJsZURhdGGjHR8gVk5TRGF0YVhOU09iamVjdNIbHCIjXE5TRGljdGlvbmFyeaIiIF8QD05TS2V5ZWRBcmNoaXZlctEmJ1Ryb290gAEACAARABoAIwAtADIANwBAAEYATQBVAGAAZwBqAGwAbgBxAHMAdQB3AIQAjgDmAOsA8wOTA5UDmgOlA64DvAPAA8cD0APVA+ID5QP3A/oD/wAAAAAAAAIBAAAAAAAAACgAAAAAAAAAAAAAAAAAAAQB}}

@article{Hiribarren201419,
	Abstract = {Abstract New technologies able to register vehicle trajectories, such as \{GPS\} (Global Position Systems)-enabled cell phones, have opened a new way of collecting traffic data. However, good methods that convert these data into useful information are needed to leverage these data. In this study a new method to estimate traffic states on arterials based on trajectory data is presented and assessed. The method is based on the Lighthill--Whitham--Richards (LWR) theory. By using this theory, traffic dynamics on arterials can be better captured by extracting more information from the same piece of data. Trajectory data used consist of the trajectory of the latest equipped vehicle that crossed the segment under study. Preliminary analysis based on micro-simulation suggests that this method yields good traffic state estimates both at congested and uncongested situations, even for very low penetration rates (1%). The method is also able to forecast queue length at intersections and travel times along a road section. },
	Author = {Gabriel Hiribarren and Juan Carlos Herrera},
	Date-Added = {2016-06-21 17:42:11 +0000},
	Date-Modified = {2016-06-21 17:42:11 +0000},
	Doi = {http://dx.doi.org/10.1016/j.trb.2014.07.003},
	Issn = {0191-2615},
	Journal = {Transportation Research Part B: Methodological},
	Keywords = {Arterial roads},
	Number = {0},
	Pages = {19 - 30},
	Title = {Real time traffic states estimation on arterials based on trajectory data},
	Url = {http://www.sciencedirect.com/science/article/pii/S019126151400126X},
	Volume = {69},
	Year = {2014},
	Bdsk-File-1 = {YnBsaXN0MDDUAQIDBAUGJCVYJHZlcnNpb25YJG9iamVjdHNZJGFyY2hpdmVyVCR0b3ASAAGGoKgHCBMUFRYaIVUkbnVsbNMJCgsMDxJXTlMua2V5c1pOUy5vYmplY3RzViRjbGFzc6INDoACgAOiEBGABIAFgAdccmVsYXRpdmVQYXRoWWFsaWFzRGF0YV8QUC4uLy4uLy4uL0JpYmxpby9Eb2NzL1JlYWxUaW1lVHJhZmZpY0VzdGltYXRpb25fMS1zMi4wLVMwMTkxMjYxNTE0MDAxMjZYLW1haW4ucGRm0hcLGBlXTlMuZGF0YU8RAowAAAAAAowAAgAADE1hY2ludG9zaCBIRAAAAAAAAAAAAAAAAAAAAMpBBgxIKwAAAlXWTB9SZWFsVGltZVRyYWZmaWNFc3RpIzI3NjEzQzkucGRmAAAAAAAAAAAAAAAAAAAAAAAAAAAAAAAAAAAAAAAAAAACdhPJ0YTWNwAAAAAAAAAAAAMAAwAACSAAAAAAAAAAAAAAAAAAAAAERG9jcwAQAAgAAMpA6ewAAAARAAgAANGEuhcAAAABABwCVdZMAlXWSwJV1koAkMIpAAUCFQAFAhQAAL7sAAIAfk1hY2ludG9zaCBIRDpVc2VyczoASnVzdGU6AERvY3VtZW50czoAQ29tcGxleFN5c3RlbXM6AFRyYW5zcG9ydGF0aW9uRXF1aWxpYnJpdW06AEJpYmxpbzoARG9jczoAUmVhbFRpbWVUcmFmZmljRXN0aSMyNzYxM0M5LnBkZgAOAHgAOwBSAGUAYQBsAFQAaQBtAGUAVAByAGEAZgBmAGkAYwBFAHMAdABpAG0AYQB0AGkAbwBuAF8AMQAtAHMAMgAuADAALQBTADAAMQA5ADEAMgA2ADEANQAxADQAMAAwADEAMgA2AFgALQBtAGEAaQBuAC4AcABkAGYADwAaAAwATQBhAGMAaQBuAHQAbwBzAGgAIABIAEQAEgCGVXNlcnMvSnVzdGUvRG9jdW1lbnRzL0NvbXBsZXhTeXN0ZW1zL1RyYW5zcG9ydGF0aW9uRXF1aWxpYnJpdW0vQmlibGlvL0RvY3MvUmVhbFRpbWVUcmFmZmljRXN0aW1hdGlvbl8xLXMyLjAtUzAxOTEyNjE1MTQwMDEyNlgtbWFpbi5wZGYAEwABLwAAFQACAAz//wAAgAbSGxwdHlokY2xhc3NuYW1lWCRjbGFzc2VzXU5TTXV0YWJsZURhdGGjHR8gVk5TRGF0YVhOU09iamVjdNIbHCIjXE5TRGljdGlvbmFyeaIiIF8QD05TS2V5ZWRBcmNoaXZlctEmJ1Ryb290gAEACAARABoAIwAtADIANwBAAEYATQBVAGAAZwBqAGwAbgBxAHMAdQB3AIQAjgDhAOYA7gN+A4ADhQOQA5kDpwOrA7IDuwPAA80D0APiA+UD6gAAAAAAAAIBAAAAAAAAACgAAAAAAAAAAAAAAAAAAAPs},
	Bdsk-Url-1 = {http://www.sciencedirect.com/science/article/pii/S019126151400126X},
	Bdsk-Url-2 = {http://dx.doi.org/10.1016/j.trb.2014.07.003}}

@article{bell2002risk,
	Author = {Bell, Michael GH and Cassir, Chris},
	Date-Added = {2016-06-21 17:42:11 +0000},
	Date-Modified = {2016-06-21 17:42:11 +0000},
	Journal = {Transportation Research Part B: Methodological},
	Number = {8},
	Pages = {671--681},
	Publisher = {Elsevier},
	Title = {Risk-averse user equilibrium traffic assignment: an application of game theory},
	Volume = {36},
	Year = {2002},
	Bdsk-File-1 = {YnBsaXN0MDDUAQIDBAUGJCVYJHZlcnNpb25YJG9iamVjdHNZJGFyY2hpdmVyVCR0b3ASAAGGoKgHCBMUFRYaIVUkbnVsbNMJCgsMDxJXTlMua2V5c1pOUy5vYmplY3RzViRjbGFzc6INDoACgAOiEBGABIAFgAdccmVsYXRpdmVQYXRoWWFsaWFzRGF0YV8QRC4uLy4uLy4uL0JpYmxpby9Eb2NzL1Jpc2tBdmVyc2VVRUFfMS1zMi4wLVMwMTkxMjYxNTAxMDAwMjI0LW1haW4ucGRm0hcLGBlXTlMuZGF0YU8RAmgAAAAAAmgAAgAADE1hY2ludG9zaCBIRAAAAAAAAAAAAAAAAAAAAMpBBgxIKwAAAlXWTB9SaXNrQXZlcnNlVUVBXzEtczIuIzQzNjIyMkUucGRmAAAAAAAAAAAAAAAAAAAAAAAAAAAAAAAAAAAAAAAAAAAENiIu00wYqQAAAAAAAAAAAAMAAwAACSAAAAAAAAAAAAAAAAAAAAAERG9jcwAQAAgAAMpA6ewAAAARAAgAANNL/IkAAAABABwCVdZMAlXWSwJV1koAkMIpAAUCFQAFAhQAAL7sAAIAfk1hY2ludG9zaCBIRDpVc2VyczoASnVzdGU6AERvY3VtZW50czoAQ29tcGxleFN5c3RlbXM6AFRyYW5zcG9ydGF0aW9uRXF1aWxpYnJpdW06AEJpYmxpbzoARG9jczoAUmlza0F2ZXJzZVVFQV8xLXMyLiM0MzYyMjJFLnBkZgAOAGAALwBSAGkAcwBrAEEAdgBlAHIAcwBlAFUARQBBAF8AMQAtAHMAMgAuADAALQBTADAAMQA5ADEAMgA2ADEANQAwADEAMAAwADAAMgAyADQALQBtAGEAaQBuAC4AcABkAGYADwAaAAwATQBhAGMAaQBuAHQAbwBzAGgAIABIAEQAEgB6VXNlcnMvSnVzdGUvRG9jdW1lbnRzL0NvbXBsZXhTeXN0ZW1zL1RyYW5zcG9ydGF0aW9uRXF1aWxpYnJpdW0vQmlibGlvL0RvY3MvUmlza0F2ZXJzZVVFQV8xLXMyLjAtUzAxOTEyNjE1MDEwMDAyMjQtbWFpbi5wZGYAEwABLwAAFQACAAz//wAAgAbSGxwdHlokY2xhc3NuYW1lWCRjbGFzc2VzXU5TTXV0YWJsZURhdGGjHR8gVk5TRGF0YVhOU09iamVjdNIbHCIjXE5TRGljdGlvbmFyeaIiIF8QD05TS2V5ZWRBcmNoaXZlctEmJ1Ryb290gAEACAARABoAIwAtADIANwBAAEYATQBVAGAAZwBqAGwAbgBxAHMAdQB3AIQAjgDVANoA4gNOA1ADVQNgA2kDdwN7A4IDiwOQA50DoAOyA7UDugAAAAAAAAIBAAAAAAAAACgAAAAAAAAAAAAAAAAAAAO8}}

@article{leduc2008road,
	Author = {Leduc, Guillaume},
	Date-Added = {2016-06-21 17:42:11 +0000},
	Date-Modified = {2016-06-21 17:42:11 +0000},
	Journal = {Working Papers on Energy, Transport and Climate Change},
	Number = {55},
	Title = {Road traffic data: Collection methods and applications},
	Volume = {1},
	Year = {2008},
	Bdsk-File-1 = {YnBsaXN0MDDUAQIDBAUGJCVYJHZlcnNpb25YJG9iamVjdHNZJGFyY2hpdmVyVCR0b3ASAAGGoKgHCBMUFRYaIVUkbnVsbNMJCgsMDxJXTlMua2V5c1pOUy5vYmplY3RzViRjbGFzc6INDoACgAOiEBGABIAFgAdccmVsYXRpdmVQYXRoWWFsaWFzRGF0YV8QJC4uLy4uLy4uL0JpYmxpby9Eb2NzL0pSQzQ3OTY3LlROLnBkZtIXCxgZV05TLmRhdGFPEQH4AAAAAAH4AAIAAAxNYWNpbnRvc2ggSEQAAAAAAAAAAAAAAAAAAADKQQYMSCsAAAJV1kwPSlJDNDc5NjcuVE4ucGRmAAAAAAAAAAAAAAAAAAAAAAAAAAAAAAAAAAAAAAAAAAAAAAAAAAAAAAAAAAAAAAAAAoctzdGONYYAAAAAAAAAAAADAAMAAAkgAAAAAAAAAAAAAAAAAAAABERvY3MAEAAIAADKQOnsAAAAEQAIAADRjhlmAAAAAQAcAlXWTAJV1ksCVdZKAJDCKQAFAhUABQIUAAC+7AACAG5NYWNpbnRvc2ggSEQ6VXNlcnM6AEp1c3RlOgBEb2N1bWVudHM6AENvbXBsZXhTeXN0ZW1zOgBUcmFuc3BvcnRhdGlvbkVxdWlsaWJyaXVtOgBCaWJsaW86AERvY3M6AEpSQzQ3OTY3LlROLnBkZgAOACAADwBKAFIAQwA0ADcAOQA2ADcALgBUAE4ALgBwAGQAZgAPABoADABNAGEAYwBpAG4AdABvAHMAaAAgAEgARAASAFpVc2Vycy9KdXN0ZS9Eb2N1bWVudHMvQ29tcGxleFN5c3RlbXMvVHJhbnNwb3J0YXRpb25FcXVpbGlicml1bS9CaWJsaW8vRG9jcy9KUkM0Nzk2Ny5UTi5wZGYAEwABLwAAFQACAAz//wAAgAbSGxwdHlokY2xhc3NuYW1lWCRjbGFzc2VzXU5TTXV0YWJsZURhdGGjHR8gVk5TRGF0YVhOU09iamVjdNIbHCIjXE5TRGljdGlvbmFyeaIiIF8QD05TS2V5ZWRBcmNoaXZlctEmJ1Ryb290gAEACAARABoAIwAtADIANwBAAEYATQBVAGAAZwBqAGwAbgBxAHMAdQB3AIQAjgC1ALoAwgK+AsACxQLQAtkC5wLrAvIC+wMAAw0DEAMiAyUDKgAAAAAAAAIBAAAAAAAAACgAAAAAAAAAAAAAAAAAAAMs}}

@manual{shiny,
	Author = {Winston Chang and Joe Cheng and JJ Allaire and Yihui Xie and Jonathan McPherson},
	Date-Added = {2016-06-21 17:42:11 +0000},
	Date-Modified = {2016-06-21 17:42:11 +0000},
	Note = {R package version 0.13.0},
	Title = {shiny: Web Application Framework for R},
	Url = {https://CRAN.R-project.org/package=shiny},
	Year = {2016},
	Bdsk-Url-1 = {https://CRAN.R-project.org/package=shiny}}

@article{goldhirsch1987stability,
	Author = {Goldhirsch, Isaac and Sulem, Pierre-Louis and Orszag, Steven A},
	Date-Added = {2016-06-21 17:42:11 +0000},
	Date-Modified = {2016-06-21 17:42:11 +0000},
	Journal = {Physica D: Nonlinear Phenomena},
	Number = {3},
	Pages = {311--337},
	Publisher = {Elsevier},
	Title = {Stability and Lyapunov stability of dynamical systems: A differential approach and a numerical method},
	Volume = {27},
	Year = {1987},
	Bdsk-File-1 = {YnBsaXN0MDDUAQIDBAUGJCVYJHZlcnNpb25YJG9iamVjdHNZJGFyY2hpdmVyVCR0b3ASAAGGoKgHCBMUFRYaIVUkbnVsbNMJCgsMDxJXTlMua2V5c1pOUy5vYmplY3RzViRjbGFzc6INDoACgAOiEBGABIAFgAdccmVsYXRpdmVQYXRoWWFsaWFzRGF0YV8QQy4uLy4uLy4uL0JpYmxpby9Eb2NzL0x5YXBvdW5vdkNvbnZfMS1zMi4wLTAxNjcyNzg5ODc5MDAzNDAtbWFpbi5wZGbSFwsYGVdOUy5kYXRhTxECZgAAAAACZgACAAAMTWFjaW50b3NoIEhEAAAAAAAAAAAAAAAAAAAAykEGDEgrAAACVdZMH0x5YXBvdW5vdkNvbnZfMS1zMi4jMjU1RDYxMS5wZGYAAAAAAAAAAAAAAAAAAAAAAAAAAAAAAAAAAAAAAAAAAAJV1hHROLYmAAAAAAAAAAAAAwADAAAJIAAAAAAAAAAAAAAAAAAAAAREb2NzABAACAAAykDp7AAAABEACAAA0TioFgAAAAEAHAJV1kwCVdZLAlXWSgCQwikABQIVAAUCFAAAvuwAAgB+TWFjaW50b3NoIEhEOlVzZXJzOgBKdXN0ZToARG9jdW1lbnRzOgBDb21wbGV4U3lzdGVtczoAVHJhbnNwb3J0YXRpb25FcXVpbGlicml1bToAQmlibGlvOgBEb2NzOgBMeWFwb3Vub3ZDb252XzEtczIuIzI1NUQ2MTEucGRmAA4AXgAuAEwAeQBhAHAAbwB1AG4AbwB2AEMAbwBuAHYAXwAxAC0AcwAyAC4AMAAtADAAMQA2ADcAMgA3ADgAOQA4ADcAOQAwADAAMwA0ADAALQBtAGEAaQBuAC4AcABkAGYADwAaAAwATQBhAGMAaQBuAHQAbwBzAGgAIABIAEQAEgB5VXNlcnMvSnVzdGUvRG9jdW1lbnRzL0NvbXBsZXhTeXN0ZW1zL1RyYW5zcG9ydGF0aW9uRXF1aWxpYnJpdW0vQmlibGlvL0RvY3MvTHlhcG91bm92Q29udl8xLXMyLjAtMDE2NzI3ODk4NzkwMDM0MC1tYWluLnBkZgAAEwABLwAAFQACAAz//wAAgAbSGxwdHlokY2xhc3NuYW1lWCRjbGFzc2VzXU5TTXV0YWJsZURhdGGjHR8gVk5TRGF0YVhOU09iamVjdNIbHCIjXE5TRGljdGlvbmFyeaIiIF8QD05TS2V5ZWRBcmNoaXZlctEmJ1Ryb290gAEACAARABoAIwAtADIANwBAAEYATQBVAGAAZwBqAGwAbgBxAHMAdQB3AIQAjgDUANkA4QNLA00DUgNdA2YDdAN4A38DiAONA5oDnQOvA7IDtwAAAAAAAAIBAAAAAAAAACgAAAAAAAAAAAAAAAAAAAO5}}
