%% This BibTeX bibliography file was created using BibDesk.
%% http://bibdesk.sourceforge.net/


%% Created for Juste Raimbault at 2015-09-07 00:57:32 +0200 


%% Saved with string encoding Occidental (ISO Latin 1) 



@article{achibet2014model,
	Author = {Achibet, Merwan and Balev, Stefan and Dutot, Antoine and Olivier, Damien},
	Date-Added = {2015-09-06 22:57:21 +0000},
	Date-Modified = {2015-09-06 22:57:21 +0000},
	Journal = {Procedia Computer Science},
	Pages = {828--833},
	Publisher = {Elsevier},
	Title = {A Model of Road Network and Buildings Extension Co-evolution},
	Volume = {32},
	Year = {2014},
	Bdsk-File-1 = {YnBsaXN0MDDUAQIDBAUGJCVYJHZlcnNpb25YJG9iamVjdHNZJGFyY2hpdmVyVCR0b3ASAAGGoKgHCBMUFRYaIVUkbnVsbNMJCgsMDxJXTlMua2V5c1pOUy5vYmplY3RzViRjbGFzc6INDoACgAOiEBGABIAFgAdccmVsYXRpdmVQYXRoWWFsaWFzRGF0YV8QZy4uLy4uLy4uLy4uLy4uLy4uL0JpYmxpby9Eb2NzL1VyYmFuTW9ycGhvZ2VuZXNpcy9DQV9CdWlsZGluZ3NfTmV0d29ya18xLXMyLjAtUzE4NzcwNTA5MTQwMDY5OFgtbWFpbi5wZGbSFwsYGVdOUy5kYXRhTxECmgAAAAACmgACAAAMTWFjaW50b3NoIEhEAAAAAAAAAAAAAAAAAAAAykEGDEgrAAACMXgyH0NBX0J1aWxkaW5nc19OZXR3b3IjMjMxNzgzMy5wZGYAAAAAAAAAAAAAAAAAAAAAAAAAAAAAAAAAAAAAAAAAAAIxeDPRIsFMAAAAAAAAAAAABgAEAAAJIAAAAAAAAAAAAAAAAAAAABJVcmJhbk1vcnBob2dlbmVzaXMAEAAIAADKQOnsAAAAEQAIAADRIrM8AAAAAQAgAjF4MgIxd9kCIfkZAiH5EACQwikABQIVAAUCFAAAvuwAAgCETWFjaW50b3NoIEhEOlVzZXJzOgBKdXN0ZToARG9jdW1lbnRzOgBDb21wbGV4U3lzdGVtczoAQ2l0eU5ldHdvcms6AEJpYmxpbzoARG9jczoAVXJiYW5Nb3JwaG9nZW5lc2lzOgBDQV9CdWlsZGluZ3NfTmV0d29yIzIzMTc4MzMucGRmAA4AbgA2AEMAQQBfAEIAdQBpAGwAZABpAG4AZwBzAF8ATgBlAHQAdwBvAHIAawBfADEALQBzADIALgAwAC0AUwAxADgANwA3ADAANQAwADkAMQA0ADAAMAA2ADkAOABYAC0AbQBhAGkAbgAuAHAAZABmAA8AGgAMAE0AYQBjAGkAbgB0AG8AcwBoACAASABEABIAhlVzZXJzL0p1c3RlL0RvY3VtZW50cy9Db21wbGV4U3lzdGVtcy9DaXR5TmV0d29yay9CaWJsaW8vRG9jcy9VcmJhbk1vcnBob2dlbmVzaXMvQ0FfQnVpbGRpbmdzX05ldHdvcmtfMS1zMi4wLVMxODc3MDUwOTE0MDA2OThYLW1haW4ucGRmABMAAS8AABUAAgAM//8AAIAG0hscHR5aJGNsYXNzbmFtZVgkY2xhc3Nlc11OU011dGFibGVEYXRhox0fIFZOU0RhdGFYTlNPYmplY3TSGxwiI1xOU0RpY3Rpb25hcnmiIiBfEA9OU0tleWVkQXJjaGl2ZXLRJidUcm9vdIABAAgAEQAaACMALQAyADcAQABGAE0AVQBgAGcAagBsAG4AcQBzAHUAdwCEAI4A+AD9AQUDowOlA6oDtQO+A8wD0APXA+AD5QPyA/UEBwQKBA8AAAAAAAACAQAAAAAAAAAoAAAAAAAAAAAAAAAAAAAEEQ==}}

@article{achibetmorphogenese,
	Author = {Achibet, Merwan and Balev, Stefan and Dutot, Antoine and Olivier, Damien},
	Date-Added = {2015-09-06 22:57:21 +0000},
	Date-Modified = {2015-09-06 22:57:21 +0000},
	Title = {Morphogenese urbaine: coevolution du reseau viaire et du b{\^a}ti},
	Bdsk-File-1 = {YnBsaXN0MDDUAQIDBAUGJCVYJHZlcnNpb25YJG9iamVjdHNZJGFyY2hpdmVyVCR0b3ASAAGGoKgHCBMUFRYaIVUkbnVsbNMJCgsMDxJXTlMua2V5c1pOUy5vYmplY3RzViRjbGFzc6INDoACgAOiEBGABIAFgAdccmVsYXRpdmVQYXRoWWFsaWFzRGF0YV8QTi4uLy4uLy4uLy4uLy4uLy4uL0JpYmxpby9Eb2NzL1VyYmFuTW9ycGhvZ2VuZXNpcy9Nb3JwaG9OV0JhdENvZXZvbF9yYXBwb3J0LnBkZtIXCxgZV05TLmRhdGFPEQJOAAAAAAJOAAIAAAxNYWNpbnRvc2ggSEQAAAAAAAAAAAAAAAAAAADKQQYMSCsAAAIxeDIdTW9ycGhvTldCYXRDb2V2b2xfcmFwcG9ydC5wZGYAAAAAAAAAAAAAAAAAAAAAAAAAAAAAAAAAAAAAAAAAAAAAAjF4NNEiwUwAAAAAAAAAAAAGAAQAAAkgAAAAAAAAAAAAAAAAAAAAElVyYmFuTW9ycGhvZ2VuZXNpcwAQAAgAAMpA6ewAAAARAAgAANEiszwAAAABACACMXgyAjF32QIh+RkCIfkQAJDCKQAFAhUABQIUAAC+7AACAIJNYWNpbnRvc2ggSEQ6VXNlcnM6AEp1c3RlOgBEb2N1bWVudHM6AENvbXBsZXhTeXN0ZW1zOgBDaXR5TmV0d29yazoAQmlibGlvOgBEb2NzOgBVcmJhbk1vcnBob2dlbmVzaXM6AE1vcnBob05XQmF0Q29ldm9sX3JhcHBvcnQucGRmAA4APAAdAE0AbwByAHAAaABvAE4AVwBCAGEAdABDAG8AZQB2AG8AbABfAHIAYQBwAHAAbwByAHQALgBwAGQAZgAPABoADABNAGEAYwBpAG4AdABvAHMAaAAgAEgARAASAG1Vc2Vycy9KdXN0ZS9Eb2N1bWVudHMvQ29tcGxleFN5c3RlbXMvQ2l0eU5ldHdvcmsvQmlibGlvL0RvY3MvVXJiYW5Nb3JwaG9nZW5lc2lzL01vcnBob05XQmF0Q29ldm9sX3JhcHBvcnQucGRmAAATAAEvAAAVAAIADP//AACABtIbHB0eWiRjbGFzc25hbWVYJGNsYXNzZXNdTlNNdXRhYmxlRGF0YaMdHyBWTlNEYXRhWE5TT2JqZWN00hscIiNcTlNEaWN0aW9uYXJ5oiIgXxAPTlNLZXllZEFyY2hpdmVy0SYnVHJvb3SAAQAIABEAGgAjAC0AMgA3AEAARgBNAFUAYABnAGoAbABuAHEAcwB1AHcAhACOAN8A5ADsAz4DQANFA1ADWQNnA2sDcgN7A4ADjQOQA6IDpQOqAAAAAAAAAgEAAAAAAAAAKAAAAAAAAAAAAAAAAAAAA6w=}}

@inproceedings{raimbault2014hybrid,
	Author = {Raimbault, J. and Banos, A. and Doursat, R.},
	Booktitle = {Proceedings of the 4th International Conference on Complex Systems and Applications (ICCSA 2014), June 23-26, 2014, Universit{\'e} de Normandie, Le Havre, France; M. A. Aziz-Alaoui, C. Bertelle, X. Z. Liu, D. Olivier, eds.: pp. 51-60.},
	Date-Added = {2015-09-06 22:57:21 +0000},
	Date-Modified = {2015-09-06 22:57:21 +0000},
	Title = {A hybrid network/grid model of urban morphogenesis and optimization},
	Year = {2014},
	Bdsk-File-1 = {YnBsaXN0MDDUAQIDBAUGJCVYJHZlcnNpb25YJG9iamVjdHNZJGFyY2hpdmVyVCR0b3ASAAGGoKgHCBMUFRYaIVUkbnVsbNMJCgsMDxJXTlMua2V5c1pOUy5vYmplY3RzViRjbGFzc6INDoACgAOiEBGABIAFgAdccmVsYXRpdmVQYXRoWWFsaWFzRGF0YV8QYC4uLy4uLy4uLy4uLy4uLy4uL0JpYmxpby9Eb2NzL1VyYmFuTW9ycGhvZ2VuZXNpcy9SYWltYmF1bHRfQmFub3NfRG91cnNhdF8yMDE0X3VyYm1vcnBoX0lDQ1NBLnBkZtIXCxgZV05TLmRhdGFPEQKGAAAAAAKGAAIAAAxNYWNpbnRvc2ggSEQAAAAAAAAAAAAAAAAAAADKQQYMSCsAAAIxeDIfUmFpbWJhdWx0X0Jhbm9zX0RvdSMyMzE3ODM1LnBkZgAAAAAAAAAAAAAAAAAAAAAAAAAAAAAAAAAAAAAAAAAAAjF4NdEiwUwAAAAAAAAAAAAGAAQAAAkgAAAAAAAAAAAAAAAAAAAAElVyYmFuTW9ycGhvZ2VuZXNpcwAQAAgAAMpA6ewAAAARAAgAANEiszwAAAABACACMXgyAjF32QIh+RkCIfkQAJDCKQAFAhUABQIUAAC+7AACAIRNYWNpbnRvc2ggSEQ6VXNlcnM6AEp1c3RlOgBEb2N1bWVudHM6AENvbXBsZXhTeXN0ZW1zOgBDaXR5TmV0d29yazoAQmlibGlvOgBEb2NzOgBVcmJhbk1vcnBob2dlbmVzaXM6AFJhaW1iYXVsdF9CYW5vc19Eb3UjMjMxNzgzNS5wZGYADgBgAC8AUgBhAGkAbQBiAGEAdQBsAHQAXwBCAGEAbgBvAHMAXwBEAG8AdQByAHMAYQB0AF8AMgAwADEANABfAHUAcgBiAG0AbwByAHAAaABfAEkAQwBDAFMAQQAuAHAAZABmAA8AGgAMAE0AYQBjAGkAbgB0AG8AcwBoACAASABEABIAf1VzZXJzL0p1c3RlL0RvY3VtZW50cy9Db21wbGV4U3lzdGVtcy9DaXR5TmV0d29yay9CaWJsaW8vRG9jcy9VcmJhbk1vcnBob2dlbmVzaXMvUmFpbWJhdWx0X0Jhbm9zX0RvdXJzYXRfMjAxNF91cmJtb3JwaF9JQ0NTQS5wZGYAABMAAS8AABUAAgAM//8AAIAG0hscHR5aJGNsYXNzbmFtZVgkY2xhc3Nlc11OU011dGFibGVEYXRhox0fIFZOU0RhdGFYTlNPYmplY3TSGxwiI1xOU0RpY3Rpb25hcnmiIiBfEA9OU0tleWVkQXJjaGl2ZXLRJidUcm9vdIABAAgAEQAaACMALQAyADcAQABGAE0AVQBgAGcAagBsAG4AcQBzAHUAdwCEAI4A8QD2AP4DiAOKA48DmgOjA7EDtQO8A8UDygPXA9oD7APvA/QAAAAAAAACAQAAAAAAAAAoAAAAAAAAAAAAAAAAAAAD9g==}}

@incollection{rui2011urban,
	Author = {Rui, Yikang and Ban, Yifang},
	Booktitle = {Advances in Cartography and GIScience. Volume 2},
	Date-Added = {2015-09-06 22:57:21 +0000},
	Date-Modified = {2015-09-06 22:57:21 +0000},
	Pages = {399--412},
	Publisher = {Springer},
	Title = {Urban growth modeling with road network expansion and land use development},
	Year = {2011},
	Bdsk-File-1 = {YnBsaXN0MDDUAQIDBAUGJCVYJHZlcnNpb25YJG9iamVjdHNZJGFyY2hpdmVyVCR0b3ASAAGGoKgHCBMUFRYaIVUkbnVsbNMJCgsMDxJXTlMua2V5c1pOUy5vYmplY3RzViRjbGFzc6INDoACgAOiEBGABIAFgAdccmVsYXRpdmVQYXRoWWFsaWFzRGF0YV8QRy4uLy4uLy4uLy4uLy4uLy4uL0JpYmxpby9Eb2NzL1VyYmFuTW9ycGhvZ2VuZXNpcy9VcmJhbkdyb3RoX1J1aV9CYW4ucGRm0hcLGBlXTlMuZGF0YU8RAjIAAAAAAjIAAgAADE1hY2ludG9zaCBIRAAAAAAAAAAAAAAAAAAAAMpBBgxIKwAAAjF4MhZVcmJhbkdyb3RoX1J1aV9CYW4ucGRmAAAAAAAAAAAAAAAAAAAAAAAAAAAAAAAAAAAAAAAAAAAAAAAAAAAAAAACU/ly0TX/CQAAAAAAAAAAAAYABAAACSAAAAAAAAAAAAAAAAAAAAASVXJiYW5Nb3JwaG9nZW5lc2lzABAACAAAykDp7AAAABEACAAA0TXw+QAAAAEAIAIxeDICMXfZAiH5GQIh+RAAkMIpAAUCFQAFAhQAAL7sAAIAe01hY2ludG9zaCBIRDpVc2VyczoASnVzdGU6AERvY3VtZW50czoAQ29tcGxleFN5c3RlbXM6AENpdHlOZXR3b3JrOgBCaWJsaW86AERvY3M6AFVyYmFuTW9ycGhvZ2VuZXNpczoAVXJiYW5Hcm90aF9SdWlfQmFuLnBkZgAADgAuABYAVQByAGIAYQBuAEcAcgBvAHQAaABfAFIAdQBpAF8AQgBhAG4ALgBwAGQAZgAPABoADABNAGEAYwBpAG4AdABvAHMAaAAgAEgARAASAGZVc2Vycy9KdXN0ZS9Eb2N1bWVudHMvQ29tcGxleFN5c3RlbXMvQ2l0eU5ldHdvcmsvQmlibGlvL0RvY3MvVXJiYW5Nb3JwaG9nZW5lc2lzL1VyYmFuR3JvdGhfUnVpX0Jhbi5wZGYAEwABLwAAFQACAAz//wAAgAbSGxwdHlokY2xhc3NuYW1lWCRjbGFzc2VzXU5TTXV0YWJsZURhdGGjHR8gVk5TRGF0YVhOU09iamVjdNIbHCIjXE5TRGljdGlvbmFyeaIiIF8QD05TS2V5ZWRBcmNoaXZlctEmJ1Ryb290gAEACAARABoAIwAtADIANwBAAEYATQBVAGAAZwBqAGwAbgBxAHMAdQB3AIQAjgDYAN0A5QMbAx0DIgMtAzYDRANIA08DWANdA2oDbQN/A4IDhwAAAAAAAAIBAAAAAAAAACgAAAAAAAAAAAAAAAAAAAOJ}}
