%% This BibTeX bibliography file was created using BibDesk.
%% http://bibdesk.sourceforge.net/


%% Created for Juste Raimbault at 2015-09-07 00:56:44 +0200 


%% Saved with string encoding Occidental (ISO Latin 1) 



@article{xie2009modeling,
	Author = {Xie, Feng and Levinson, David},
	Date-Added = {2015-09-06 22:56:27 +0000},
	Date-Modified = {2015-09-06 22:56:27 +0000},
	Journal = {Networks and Spatial Economics},
	Number = {3},
	Pages = {291--307},
	Publisher = {Springer},
	Title = {Modeling the growth of transportation networks: A comprehensive review},
	Volume = {9},
	Year = {2009},
	Bdsk-File-1 = {YnBsaXN0MDDUAQIDBAUGJCVYJHZlcnNpb25YJG9iamVjdHNZJGFyY2hpdmVyVCR0b3ASAAGGoKgHCBMUFRYaIVUkbnVsbNMJCgsMDxJXTlMua2V5c1pOUy5vYmplY3RzViRjbGFzc6INDoACgAOiEBGABIAFgAdccmVsYXRpdmVQYXRoWWFsaWFzRGF0YV8Qay4uLy4uLy4uLy4uLy4uLy4uLy4uL01pc2MvUHJvamV0VGhlc2UvQmlibGlvL0RvY3MvQ29tcHJlaGVuc2l2ZVJldmlld19hcnQlM0ExMC4xMDA3JTJGczExMDY3LTAwNy05MDM3LTQucGRm0hcLGBlXTlMuZGF0YU8RAnoAAAAAAnoAAgAADE1hY2ludG9zaCBIRAAAAAAAAAAAAAAAAAAAAMpBBgxIKwAAAZI3zx9Db21wcmVoZW5zaXZlUmV2aWV3IzE5Njk0NzUucGRmAAAAAAAAAAAAAAAAAAAAAAAAAAAAAAAAAAAAAAAAAAABlpR1z2NZmAAAAAAAAAAAAAcABQAACSAAAAAAAAAAAAAAAAAAAAAERG9jcwAQAAgAAMpA6ewAAAARAAgAAM9jPXgAAAABACABkjfPAZI3zQGSN8sBeNRUAJDCKQAFAhUABQIUAAC+7AACAHZNYWNpbnRvc2ggSEQ6VXNlcnM6AEp1c3RlOgBEb2N1bWVudHM6AENvbXBsZXhTeXN0ZW1zOgBNaXNjOgBQcm9qZXRUaGVzZToAQmlibGlvOgBEb2NzOgBDb21wcmVoZW5zaXZlUmV2aWV3IzE5Njk0NzUucGRmAA4AdAA5AEMAbwBtAHAAcgBlAGgAZQBuAHMAaQB2AGUAUgBlAHYAaQBlAHcAXwBhAHIAdAAlADMAQQAxADAALgAxADAAMAA3ACUAMgBGAHMAMQAxADAANgA3AC0AMAAwADcALQA5ADAAMwA3AC0ANAAuAHAAZABmAA8AGgAMAE0AYQBjAGkAbgB0AG8AcwBoACAASABEABIAe1VzZXJzL0p1c3RlL0RvY3VtZW50cy9Db21wbGV4U3lzdGVtcy9NaXNjL1Byb2pldFRoZXNlL0JpYmxpby9Eb2NzL0NvbXByZWhlbnNpdmVSZXZpZXdfYXJ0JTNBMTAuMTAwNyUyRnMxMTA2Ny0wMDctOTAzNy00LnBkZgAAEwABLwAAFQACAAz//wAAgAbSGxwdHlokY2xhc3NuYW1lWCRjbGFzc2VzXU5TTXV0YWJsZURhdGGjHR8gVk5TRGF0YVhOU09iamVjdNIbHCIjXE5TRGljdGlvbmFyeaIiIF8QD05TS2V5ZWRBcmNoaXZlctEmJ1Ryb290gAEACAARABoAIwAtADIANwBAAEYATQBVAGAAZwBqAGwAbgBxAHMAdQB3AIQAjgD8AQEBCQOHA4kDjgOZA6IDsAO0A7sDxAPJA9YD2QPrA+4D8wAAAAAAAAIBAAAAAAAAACgAAAAAAAAAAAAAAAAAAAP1}}

@incollection{zhang2007economics,
	Author = {Zhang, Lei and Levinson, David},
	Booktitle = {Essays on transport economics},
	Date-Added = {2015-09-06 22:56:27 +0000},
	Date-Modified = {2015-09-06 22:56:27 +0000},
	Pages = {317--339},
	Publisher = {Springer},
	Title = {The economics of transportation network growth},
	Year = {2007},
	Bdsk-File-1 = {YnBsaXN0MDDUAQIDBAUGJCVYJHZlcnNpb25YJG9iamVjdHNZJGFyY2hpdmVyVCR0b3ASAAGGoKgHCBMUFRYaIVUkbnVsbNMJCgsMDxJXTlMua2V5c1pOUy5vYmplY3RzViRjbGFzc6INDoACgAOiEBGABIAFgAdccmVsYXRpdmVQYXRoWWFsaWFzRGF0YV8QWi4uLy4uLy4uLy4uLy4uLy4uLy4uL01pc2MvUHJvamV0VGhlc2UvQmlibGlvL0RvY3MvRWNvbm9taWNOZXR3b3JrR3Jvd3RoXzEwLjEuMS43NS41OTMxLnBkZtIXCxgZV05TLmRhdGFPEQJGAAAAAAJGAAIAAAxNYWNpbnRvc2ggSEQAAAAAAAAAAAAAAAAAAADKQQYMSCsAAAGSN88fRWNvbm9taWNOZXR3b3JrR3JvdyMxOTY5NjBGLnBkZgAAAAAAAAAAAAAAAAAAAAAAAAAAAAAAAAAAAAAAAAAAAZaWD89jWhoAAAAAAAAAAAAHAAUAAAkgAAAAAAAAAAAAAAAAAAAABERvY3MAEAAIAADKQOnsAAAAEQAIAADPYz36AAAAAQAgAZI3zwGSN80BkjfLAXjUVACQwikABQIVAAUCFAAAvuwAAgB2TWFjaW50b3NoIEhEOlVzZXJzOgBKdXN0ZToARG9jdW1lbnRzOgBDb21wbGV4U3lzdGVtczoATWlzYzoAUHJvamV0VGhlc2U6AEJpYmxpbzoARG9jczoARWNvbm9taWNOZXR3b3JrR3JvdyMxOTY5NjBGLnBkZgAOAFIAKABFAGMAbwBuAG8AbQBpAGMATgBlAHQAdwBvAHIAawBHAHIAbwB3AHQAaABfADEAMAAuADEALgAxAC4ANwA1AC4ANQA5ADMAMQAuAHAAZABmAA8AGgAMAE0AYQBjAGkAbgB0AG8AcwBoACAASABEABIAalVzZXJzL0p1c3RlL0RvY3VtZW50cy9Db21wbGV4U3lzdGVtcy9NaXNjL1Byb2pldFRoZXNlL0JpYmxpby9Eb2NzL0Vjb25vbWljTmV0d29ya0dyb3d0aF8xMC4xLjEuNzUuNTkzMS5wZGYAEwABLwAAFQACAAz//wAAgAbSGxwdHlokY2xhc3NuYW1lWCRjbGFzc2VzXU5TTXV0YWJsZURhdGGjHR8gVk5TRGF0YVhOU09iamVjdNIbHCIjXE5TRGljdGlvbmFyeaIiIF8QD05TS2V5ZWRBcmNoaXZlctEmJ1Ryb290gAEACAARABoAIwAtADIANwBAAEYATQBVAGAAZwBqAGwAbgBxAHMAdQB3AIQAjgDrAPAA+ANCA0QDSQNUA10DawNvA3YDfwOEA5EDlAOmA6kDrgAAAAAAAAIBAAAAAAAAACgAAAAAAAAAAAAAAAAAAAOw}}
