%% This BibTeX bibliography file was created using BibDesk.
%% http://bibdesk.sourceforge.net/


%% Created for Juste Raimbault at 2015-09-07 00:53:21 +0200 


%% Saved with string encoding Occidental (ISO Latin 1) 



@article{chang2006models,
	Abstract = {A two-way interaction between transport and land-use has been one of the central research topics of transport studies. Thus, it is not surprising that there have been numerous approaches taken to investigate this reciprocal relationship. This paper critically examines the existing literature to see how effectively the current models represent this mutual interaction. This examination process intends to form a prototype reference that compares and contrasts the advantages and disadvantages of the various models. This undertaking is dealt with based on theoretical, methodological and operational characteris- tics of a respective model. Some conclusions and suggestions are also drawn.},
	Author = {Chang, Justin S},
	Date-Added = {2015-09-06 22:50:25 +0000},
	Date-Modified = {2015-09-06 22:50:25 +0000},
	Journal = {Transport Reviews},
	Number = {3},
	Pages = {325--350},
	Publisher = {Taylor \& Francis},
	Reading = {AO},
	Title = {Models of the Relationship between Transport and Land-use: A Review},
	Usage = {GSB},
	Volume = {26},
	Year = {2006},
	Bdsk-File-1 = {YnBsaXN0MDDUAQIDBAUGJCVYJHZlcnNpb25YJG9iamVjdHNZJGFyY2hpdmVyVCR0b3ASAAGGoKgHCBMUFRYaIVUkbnVsbNMJCgsMDxJXTlMua2V5c1pOUy5vYmplY3RzViRjbGFzc6INDoACgAOiEBGABIAFgAdccmVsYXRpdmVQYXRoWWFsaWFzRGF0YV8QSC4uLy4uLy4uLy4uLy4uLy4uL0JpYmxpby9Eb2NzL0xVVEkvUmV2aWV3Q2hhbmcyMDA2XzAxNDQxNjQwNTAwNDY4NDMyLnBkZtIXCxgZV05TLmRhdGFPEQI+AAAAAAI+AAIAAAxNYWNpbnRvc2ggSEQAAAAAAAAAAAAAAAAAAADKQQYMSCsAAAIxd/IfUmV2aWV3Q2hhbmcyMDA2XzAxNCMyMzE3N0Y0LnBkZgAAAAAAAAAAAAAAAAAAAAAAAAAAAAAAAAAAAAAAAAAAAjF39NEiwUwAAAAAAAAAAAAGAAQAAAkgAAAAAAAAAAAAAAAAAAAABExVVEkAEAAIAADKQOnsAAAAEQAIAADRIrM8AAAAAQAgAjF38gIxd9kCIfkZAiH5EACQwikABQIVAAUCFAAAvuwAAgB2TWFjaW50b3NoIEhEOlVzZXJzOgBKdXN0ZToARG9jdW1lbnRzOgBDb21wbGV4U3lzdGVtczoAQ2l0eU5ldHdvcms6AEJpYmxpbzoARG9jczoATFVUSToAUmV2aWV3Q2hhbmcyMDA2XzAxNCMyMzE3N0Y0LnBkZgAOAEwAJQBSAGUAdgBpAGUAdwBDAGgAYQBuAGcAMgAwADAANgBfADAAMQA0ADQAMQA2ADQAMAA1ADAAMAA0ADYAOAA0ADMAMgAuAHAAZABmAA8AGgAMAE0AYQBjAGkAbgB0AG8AcwBoACAASABEABIAZ1VzZXJzL0p1c3RlL0RvY3VtZW50cy9Db21wbGV4U3lzdGVtcy9DaXR5TmV0d29yay9CaWJsaW8vRG9jcy9MVVRJL1Jldmlld0NoYW5nMjAwNl8wMTQ0MTY0MDUwMDQ2ODQzMi5wZGYAABMAAS8AABUAAgAM//8AAIAG0hscHR5aJGNsYXNzbmFtZVgkY2xhc3Nlc11OU011dGFibGVEYXRhox0fIFZOU0RhdGFYTlNPYmplY3TSGxwiI1xOU0RpY3Rpb25hcnmiIiBfEA9OU0tleWVkQXJjaGl2ZXLRJidUcm9vdIABAAgAEQAaACMALQAyADcAQABGAE0AVQBgAGcAagBsAG4AcQBzAHUAdwCEAI4A2QDeAOYDKAMqAy8DOgNDA1EDVQNcA2UDagN3A3oDjAOPA5QAAAAAAAACAQAAAAAAAAAoAAAAAAAAAAAAAAAAAAADlg==}}

@unpublished{delons:hal-00319087,
	Author = {Delons, Jean and Coulombel, Nicolas and Leurent, Fabien},
	Date-Added = {2015-09-06 22:50:25 +0000},
	Date-Modified = {2015-09-06 22:50:25 +0000},
	Hal_Id = {hal-00319087},
	Hal_Version = {v1},
	Keywords = {land-use planning ; land-use transport interaction ; forecast ; urban model ; Paris metropolitan area ; Planification territoriale ; interaction transport - usage du sol ; pr{\'e}vision ; mod{\`e}le urbain ; {\^I}le-de-France},
	Month = Aug,
	Title = {{PIRANDELLO an integrated transport and land-use model for the Paris area}},
	Url = {https://halv3-preprod.archives-ouvertes.fr/hal-00319087},
	Year = {2008},
	Bdsk-File-1 = {YnBsaXN0MDDUAQIDBAUGJCVYJHZlcnNpb25YJG9iamVjdHNZJGFyY2hpdmVyVCR0b3ASAAGGoKgHCBMUFRYaIVUkbnVsbNMJCgsMDxJXTlMua2V5c1pOUy5vYmplY3RzViRjbGFzc6INDoACgAOiEBGABIAFgAdccmVsYXRpdmVQYXRoWWFsaWFzRGF0YV8QNS4uLy4uLy4uLy4uLy4uLy4uL0JpYmxpby9Eb2NzL0xVVEkvUElSQU5ERUxMT19UUkIucGRm0hcLGBlXTlMuZGF0YU8RAfgAAAAAAfgAAgAADE1hY2ludG9zaCBIRAAAAAAAAAAAAAAAAAAAAMpBBgxIKwAAAjF38hJQSVJBTkRFTExPX1RSQi5wZGYAAAAAAAAAAAAAAAAAAAAAAAAAAAAAAAAAAAAAAAAAAAAAAAAAAAAAAAAAAAACMxPc0STrtgAAAAAAAAAAAAYABAAACSAAAAAAAAAAAAAAAAAAAAAETFVUSQAQAAgAAMpA6ewAAAARAAgAANEk3aYAAAABACACMXfyAjF32QIh+RkCIfkQAJDCKQAFAhUABQIUAAC+7AACAGlNYWNpbnRvc2ggSEQ6VXNlcnM6AEp1c3RlOgBEb2N1bWVudHM6AENvbXBsZXhTeXN0ZW1zOgBDaXR5TmV0d29yazoAQmlibGlvOgBEb2NzOgBMVVRJOgBQSVJBTkRFTExPX1RSQi5wZGYAAA4AJgASAFAASQBSAEEATgBEAEUATABMAE8AXwBUAFIAQgAuAHAAZABmAA8AGgAMAE0AYQBjAGkAbgB0AG8AcwBoACAASABEABIAVFVzZXJzL0p1c3RlL0RvY3VtZW50cy9Db21wbGV4U3lzdGVtcy9DaXR5TmV0d29yay9CaWJsaW8vRG9jcy9MVVRJL1BJUkFOREVMTE9fVFJCLnBkZgATAAEvAAAVAAIADP//AACABtIbHB0eWiRjbGFzc25hbWVYJGNsYXNzZXNdTlNNdXRhYmxlRGF0YaMdHyBWTlNEYXRhWE5TT2JqZWN00hscIiNcTlNEaWN0aW9uYXJ5oiIgXxAPTlNLZXllZEFyY2hpdmVy0SYnVHJvb3SAAQAIABEAGgAjAC0AMgA3AEAARgBNAFUAYABnAGoAbABuAHEAcwB1AHcAhACOAMYAywDTAs8C0QLWAuEC6gL4AvwDAwMMAxEDHgMhAzMDNgM7AAAAAAAAAgEAAAAAAAAAKAAAAAAAAAAAAAAAAAAAAz0=},
	Bdsk-Url-1 = {https://halv3-preprod.archives-ouvertes.fr/hal-00319087}}

@article{iacono2008models,
	Author = {Iacono, Michael and Levinson, David and El-Geneidy, Ahmed},
	Date-Added = {2015-09-06 22:50:25 +0000},
	Date-Modified = {2015-09-06 22:50:25 +0000},
	Journal = {Journal of Planning Literature},
	Number = {4},
	Pages = {323--340},
	Publisher = {Sage Publications},
	Title = {Models of transportation and land use change: a guide to the territory},
	Volume = {22},
	Year = {2008},
	Bdsk-File-1 = {YnBsaXN0MDDUAQIDBAUGJCVYJHZlcnNpb25YJG9iamVjdHNZJGFyY2hpdmVyVCR0b3ASAAGGoKgHCBMUFRYaIVUkbnVsbNMJCgsMDxJXTlMua2V5c1pOUy5vYmplY3RzViRjbGFzc6INDoACgAOiEBGABIAFgAdccmVsYXRpdmVQYXRoWWFsaWFzRGF0YV8QLy4uLy4uLy4uLy4uLy4uLy4uL0JpYmxpby9Eb2NzL0xVVEkvTGV2aW5zb24ucGRm0hcLGBlXTlMuZGF0YU8RAeAAAAAAAeAAAgAADE1hY2ludG9zaCBIRAAAAAAAAAAAAAAAAAAAAMpBBgxIKwAAAjF38gxMZXZpbnNvbi5wZGYAAAAAAAAAAAAAAAAAAAAAAAAAAAAAAAAAAAAAAAAAAAAAAAAAAAAAAAAAAAAAAAAAAAACMXfz0SLBTAAAAAAAAAAAAAYABAAACSAAAAAAAAAAAAAAAAAAAAAETFVUSQAQAAgAAMpA6ewAAAARAAgAANEiszwAAAABACACMXfyAjF32QIh+RkCIfkQAJDCKQAFAhUABQIUAAC+7AACAGNNYWNpbnRvc2ggSEQ6VXNlcnM6AEp1c3RlOgBEb2N1bWVudHM6AENvbXBsZXhTeXN0ZW1zOgBDaXR5TmV0d29yazoAQmlibGlvOgBEb2NzOgBMVVRJOgBMZXZpbnNvbi5wZGYAAA4AGgAMAEwAZQB2AGkAbgBzAG8AbgAuAHAAZABmAA8AGgAMAE0AYQBjAGkAbgB0AG8AcwBoACAASABEABIATlVzZXJzL0p1c3RlL0RvY3VtZW50cy9Db21wbGV4U3lzdGVtcy9DaXR5TmV0d29yay9CaWJsaW8vRG9jcy9MVVRJL0xldmluc29uLnBkZgATAAEvAAAVAAIADP//AACABtIbHB0eWiRjbGFzc25hbWVYJGNsYXNzZXNdTlNNdXRhYmxlRGF0YaMdHyBWTlNEYXRhWE5TT2JqZWN00hscIiNcTlNEaWN0aW9uYXJ5oiIgXxAPTlNLZXllZEFyY2hpdmVy0SYnVHJvb3SAAQAIABEAGgAjAC0AMgA3AEAARgBNAFUAYABnAGoAbABuAHEAcwB1AHcAhACOAMAAxQDNArECswK4AsMCzALaAt4C5QLuAvMDAAMDAxUDGAMdAAAAAAAAAgEAAAAAAAAAKAAAAAAAAAAAAAAAAAAAAx8=}}

@article{kryvobokov2013comparison,
	Author = {Kryvobokov, Marko and Chesneau, Jean-Baptiste and Bonnafous, Alain and Delons, Jean and Piron, Vincent},
	Date-Added = {2015-09-06 22:50:25 +0000},
	Date-Modified = {2015-09-06 22:50:25 +0000},
	Journal = {Transportation Research Record: Journal of the Transportation Research Board},
	Number = {1},
	Pages = {49--58},
	Publisher = {Trans Res Board},
	Title = {Comparison of Static and Dynamic Land Use-Transport Interaction Models},
	Volume = {2344},
	Year = {2013},
	Bdsk-File-1 = {YnBsaXN0MDDUAQIDBAUGJCVYJHZlcnNpb25YJG9iamVjdHNZJGFyY2hpdmVyVCR0b3ASAAGGoKgHCBMUFRYaIVUkbnVsbNMJCgsMDxJXTlMua2V5c1pOUy5vYmplY3RzViRjbGFzc6INDoACgAOiEBGABIAFgAdccmVsYXRpdmVQYXRoWWFsaWFzRGF0YV8QTC4uLy4uLy4uLy4uLy4uLy4uL0JpYmxpby9Eb2NzL0xVVEkvQ29tcGFyaXNvblBpcmFuZGVsbG9fVXJiYW5TaW1fMjM0NC0wNi5wZGbSFwsYGVdOUy5kYXRhTxECSgAAAAACSgACAAAMTWFjaW50b3NoIEhEAAAAAAAAAAAAAAAAAAAAykEGDEgrAAACMXfyH0NvbXBhcmlzb25QaXJhbmRlbGwjMjZCNUZDMS5wZGYAAAAAAAAAAAAAAAAAAAAAAAAAAAAAAAAAAAAAAAAAAAJrX8HRaAqEAAAAAAAAAAAABgAEAAAJIAAAAAAAAAAAAAAAAAAAAARMVVRJABAACAAAykDp7AAAABEACAAA0WfuZAAAAAEAIAIxd/ICMXfZAiH5GQIh+RAAkMIpAAUCFQAFAhQAAL7sAAIAdk1hY2ludG9zaCBIRDpVc2VyczoASnVzdGU6AERvY3VtZW50czoAQ29tcGxleFN5c3RlbXM6AENpdHlOZXR3b3JrOgBCaWJsaW86AERvY3M6AExVVEk6AENvbXBhcmlzb25QaXJhbmRlbGwjMjZCNUZDMS5wZGYADgBUACkAQwBvAG0AcABhAHIAaQBzAG8AbgBQAGkAcgBhAG4AZABlAGwAbABvAF8AVQByAGIAYQBuAFMAaQBtAF8AMgAzADQANAAtADAANgAuAHAAZABmAA8AGgAMAE0AYQBjAGkAbgB0AG8AcwBoACAASABEABIAa1VzZXJzL0p1c3RlL0RvY3VtZW50cy9Db21wbGV4U3lzdGVtcy9DaXR5TmV0d29yay9CaWJsaW8vRG9jcy9MVVRJL0NvbXBhcmlzb25QaXJhbmRlbGxvX1VyYmFuU2ltXzIzNDQtMDYucGRmAAATAAEvAAAVAAIADP//AACABtIbHB0eWiRjbGFzc25hbWVYJGNsYXNzZXNdTlNNdXRhYmxlRGF0YaMdHyBWTlNEYXRhWE5TT2JqZWN00hscIiNcTlNEaWN0aW9uYXJ5oiIgXxAPTlNLZXllZEFyY2hpdmVy0SYnVHJvb3SAAQAIABEAGgAjAC0AMgA3AEAARgBNAFUAYABnAGoAbABuAHEAcwB1AHcAhACOAN0A4gDqAzgDOgM/A0oDUwNhA2UDbAN1A3oDhwOKA5wDnwOkAAAAAAAAAgEAAAAAAAAAKAAAAAAAAAAAAAAAAAAAA6Y=}}

@article{paulley1991overview,
	Author = {Paulley, Neil J and Webster, F Vernon},
	Date-Added = {2015-09-06 22:50:25 +0000},
	Date-Modified = {2015-09-06 22:50:25 +0000},
	Journal = {Transport Reviews},
	Number = {3},
	Pages = {197--222},
	Publisher = {Taylor \& Francis},
	Title = {Overview of an international study to compare models and evaluate land-use and transport policies},
	Volume = {11},
	Year = {1991},
	Bdsk-File-1 = {YnBsaXN0MDDUAQIDBAUGJCVYJHZlcnNpb25YJG9iamVjdHNZJGFyY2hpdmVyVCR0b3ASAAGGoKgHCBMUFRYaIVUkbnVsbNMJCgsMDxJXTlMua2V5c1pOUy5vYmplY3RzViRjbGFzc6INDoACgAOiEBGABIAFgAdccmVsYXRpdmVQYXRoWWFsaWFzRGF0YW8Q7wAuAC4ALwAuAC4ALwAuAC4ALwAuAC4ALwAuAC4ALwAuAC4ALwBCAGkAYgBsAGkAbwAvAEQAbwBjAHMALwBMAFUAVABJAC8AVAByAGEAbgBzAHAAbwByAHQAIABSAGUAdgBpAGUAdwBzACAAVgBvAGwAdQBtAGUAIAAxADEAIABpAHMAcwB1AGUAIAAzACAAMQA5ADkAMQAgAFsAZABvAGkAIAAxADAALgAxADAAOAAwACUAMgBGADAAMQA0ADQAMQA2ADQAOQAxADAAOAA3ADEANgA3ADgANQBdACAAUABhAHUAbABsAGUAeQAsACAATgAuAEoALgA7ACAAVwBlAGIAcwB0AGUAcgAsACAARgAuAFYALgAgAC0ALQAgAE8AdgBlAHIAdgBpAGUAdwAgAG8AZgAgAGEAbgAgAGkAbgB0AGUAcgBuAGEAdABpAG8AbgBhAGwAIABzAHQAdQBkAHkAIAB0AG8AIABjAG8AbQBwAGEAcgBlACAAbQBvAGQAZQBsAHMAIABhAG4AZAAgAGUAdgBhAGwAdQBhAHQAZQAgAGwAYQBuAGQgEAB1AHMAZQAgAGEAbgBkACAAdAByAGEAbgBzAHAAbwByAHQAIABwAG8AbABpAC4AcABkAGbSFwsYGVdOUy5kYXRhTxEENAAAAAAENAACAAAMTWFjaW50b3NoIEhEAAAAAAAAAAAAAAAAAAAAykEGDEgrAAACMXfyH1RyYW5zcG9ydCBSZXZpZXdzIFYjMjMzOTQ0OC5wZGYAAAAAAAAAAAAAAAAAAAAAAAAAAAAAAAAAAAAAAAAAAAIzlEjRJcU9AAAAAAAAAAAABgAEAAAJIAAAAAAAAAAAAAAAAAAAAARMVVRJABAACAAAykDp7AAAABEACAAA0SW3LQAAAAEAIAIxd/ICMXfZAiH5GQIh+RAAkMIpAAUCFQAFAhQAAL7sAAIAdk1hY2ludG9zaCBIRDpVc2VyczoASnVzdGU6AERvY3VtZW50czoAQ29tcGxleFN5c3RlbXM6AENpdHlOZXR3b3JrOgBCaWJsaW86AERvY3M6AExVVEk6AFRyYW5zcG9ydCBSZXZpZXdzIFYjMjMzOTQ0OC5wZGYADgGaAMwAVAByAGEAbgBzAHAAbwByAHQAIABSAGUAdgBpAGUAdwBzACAAVgBvAGwAdQBtAGUAIAAxADEAIABpAHMAcwB1AGUAIAAzACAAMQA5ADkAMQAgAFsAZABvAGkAIAAxADAALgAxADAAOAAwACUAMgBGADAAMQA0ADQAMQA2ADQAOQAxADAAOAA3ADEANgA3ADgANQBdACAAUABhAHUAbABsAGUAeQAsACAATgAuAEoALgA7ACAAVwBlAGIAcwB0AGUAcgAsACAARgAuAFYALgAgAC0ALQAgAE8AdgBlAHIAdgBpAGUAdwAgAG8AZgAgAGEAbgAgAGkAbgB0AGUAcgBuAGEAdABpAG8AbgBhAGwAIABzAHQAdQBkAHkAIAB0AG8AIABjAG8AbQBwAGEAcgBlACAAbQBvAGQAZQBsAHMAIABhAG4AZAAgAGUAdgBhAGwAdQBhAHQAZQAgAGwAYQBuAGQgEAB1AHMAZQAgAGEAbgBkACAAdAByAGEAbgBzAHAAbwByAHQAIABwAG8AbABpAC4AcABkAGYADwAaAAwATQBhAGMAaQBuAHQAbwBzAGgAIABIAEQAEgEQVXNlcnMvSnVzdGUvRG9jdW1lbnRzL0NvbXBsZXhTeXN0ZW1zL0NpdHlOZXR3b3JrL0JpYmxpby9Eb2NzL0xVVEkvVHJhbnNwb3J0IFJldmlld3MgVm9sdW1lIDExIGlzc3VlIDMgMTk5MSBbZG9pIDEwLjEwODAlMkYwMTQ0MTY0OTEwODcxNjc4NV0gUGF1bGxleSwgTi5KLjsgV2Vic3RlciwgRi5WLiAtLSBPdmVydmlldyBvZiBhbiBpbnRlcm5hdGlvbmFsIHN0dWR5IHRvIGNvbXBhcmUgbW9kZWxzIGFuZCBldmFsdWF0ZSBsYW5k4oCQdXNlIGFuZCB0cmFuc3BvcnQgcG9saS5wZGYAEwABLwAAFQACAAz//wAAgAbSGxwdHlokY2xhc3NuYW1lWCRjbGFzc2VzXU5TTXV0YWJsZURhdGGjHR8gVk5TRGF0YVhOU09iamVjdNIbHCIjXE5TRGljdGlvbmFyeaIiIF8QD05TS2V5ZWRBcmNoaXZlctEmJ1Ryb290gAEACAARABoAIwAtADIANwBAAEYATQBVAGAAZwBqAGwAbgBxAHMAdQB3AIQAjgJvAnQCfAa0BrYGuwbGBs8G3QbhBugG8Qb2BwMHBgcYBxsHIAAAAAAAAAIBAAAAAAAAACgAAAAAAAAAAAAAAAAAAAci}}

@article{putman1975urban,
	Author = {Putman, Stephen H},
	Date-Added = {2015-09-06 22:50:25 +0000},
	Date-Modified = {2015-09-06 22:50:25 +0000},
	Journal = {Transportation Research},
	Number = {2},
	Pages = {187--202},
	Publisher = {Elsevier},
	Title = {Urban land use and transportation models: A state-of-the-art summary},
	Volume = {9},
	Year = {1975},
	Bdsk-File-1 = {YnBsaXN0MDDUAQIDBAUGJCVYJHZlcnNpb25YJG9iamVjdHNZJGFyY2hpdmVyVCR0b3ASAAGGoKgHCBMUFRYaIVUkbnVsbNMJCgsMDxJXTlMua2V5c1pOUy5vYmplY3RzViRjbGFzc6INDoACgAOiEBGABIAFgAdccmVsYXRpdmVQYXRoWWFsaWFzRGF0YV8QcC4uLy4uLy4uLy4uLy4uLy4uL0JpYmxpby9Eb2NzL0xVVEkvVXJiYW5MYW5kVXNlVHJhbnNwb3J0YXRpb25fMTk3NFN0YXRlT2ZUaGVBcnRfMS1zMi4wLTAwNDExNjQ3NzU5MDA1NjgtbWFpbi5wZGbSFwsYGVdOUy5kYXRhTxECtgAAAAACtgACAAAMTWFjaW50b3NoIEhEAAAAAAAAAAAAAAAAAAAAykEGDEgrAAACMXfyH1VyYmFuTGFuZFVzZVRyYW5zcG8jMjMxNzdGNi5wZGYAAAAAAAAAAAAAAAAAAAAAAAAAAAAAAAAAAAAAAAAAAAIxd/bRIsFMAAAAAAAAAAAABgAEAAAJIAAAAAAAAAAAAAAAAAAAAARMVVRJABAACAAAykDp7AAAABEACAAA0SKzPAAAAAEAIAIxd/ICMXfZAiH5GQIh+RAAkMIpAAUCFQAFAhQAAL7sAAIAdk1hY2ludG9zaCBIRDpVc2VyczoASnVzdGU6AERvY3VtZW50czoAQ29tcGxleFN5c3RlbXM6AENpdHlOZXR3b3JrOgBCaWJsaW86AERvY3M6AExVVEk6AFVyYmFuTGFuZFVzZVRyYW5zcG8jMjMxNzdGNi5wZGYADgCcAE0AVQByAGIAYQBuAEwAYQBuAGQAVQBzAGUAVAByAGEAbgBzAHAAbwByAHQAYQB0AGkAbwBuAF8AMQA5ADcANABTAHQAYQB0AGUATwBmAFQAaABlAEEAcgB0AF8AMQAtAHMAMgAuADAALQAwADAANAAxADEANgA0ADcANwA1ADkAMAAwADUANgA4AC0AbQBhAGkAbgAuAHAAZABmAA8AGgAMAE0AYQBjAGkAbgB0AG8AcwBoACAASABEABIAj1VzZXJzL0p1c3RlL0RvY3VtZW50cy9Db21wbGV4U3lzdGVtcy9DaXR5TmV0d29yay9CaWJsaW8vRG9jcy9MVVRJL1VyYmFuTGFuZFVzZVRyYW5zcG9ydGF0aW9uXzE5NzRTdGF0ZU9mVGhlQXJ0XzEtczIuMC0wMDQxMTY0Nzc1OTAwNTY4LW1haW4ucGRmAAATAAEvAAAVAAIADP//AACABtIbHB0eWiRjbGFzc25hbWVYJGNsYXNzZXNdTlNNdXRhYmxlRGF0YaMdHyBWTlNEYXRhWE5TT2JqZWN00hscIiNcTlNEaWN0aW9uYXJ5oiIgXxAPTlNLZXllZEFyY2hpdmVy0SYnVHJvb3SAAQAIABEAGgAjAC0AMgA3AEAARgBNAFUAYABnAGoAbABuAHEAcwB1AHcAhACOAQEBBgEOA8gDygPPA9oD4wPxA/UD/AQFBAoEFwQaBCwELwQ0AAAAAAAAAgEAAAAAAAAAKAAAAAAAAAAAAAAAAAAABDY=}}

@article{wegener1991one,
	Author = {Wegener, Michael and Mackett, Roger L and Simmonds, David C},
	Date-Added = {2015-09-06 22:50:25 +0000},
	Date-Modified = {2015-09-06 22:50:25 +0000},
	Journal = {Transport Reviews},
	Number = {2},
	Pages = {107--129},
	Publisher = {Taylor \& Francis},
	Title = {One city, three models: comparison of land-use/transport policy simulation models for Dortmund},
	Volume = {11},
	Year = {1991},
	Bdsk-File-1 = {YnBsaXN0MDDUAQIDBAUGJCVYJHZlcnNpb25YJG9iamVjdHNZJGFyY2hpdmVyVCR0b3ASAAGGoKgHCBMUFRYaIVUkbnVsbNMJCgsMDxJXTlMua2V5c1pOUy5vYmplY3RzViRjbGFzc6INDoACgAOiEBGABIAFgAdccmVsYXRpdmVQYXRoWWFsaWFzRGF0YW8Q7wAuAC4ALwAuAC4ALwAuAC4ALwAuAC4ALwAuAC4ALwAuAC4ALwBCAGkAYgBsAGkAbwAvAEQAbwBjAHMALwBMAFUAVABJAC8AVAByAGEAbgBzAHAAbwByAHQAIABSAGUAdgBpAGUAdwBzACAAVgBvAGwAdQBtAGUAIAAxADEAIABpAHMAcwB1AGUAIAAyACAAMQA5ADkAMQAgAFsAZABvAGkAIAAxADAALgAxADAAOAAwACUAMgBGADAAMQA0ADQAMQA2ADQAOQAxADAAOAA3ADEANgA3ADcAOABdACAAVwBlAGcAZQBuAGUAcgAsACAATQAuADsAIABNAGEAYwBrAGUAdAB0ACwAIABSAC4ATAAuADsAIABTAGkAbQBtAG8AbgBkAHMALAAgAEQALgBDAC4AIAAtAC0AIABPAG4AZQAgAGMAaQB0AHkALAAgAHQAaAByAGUAZQAgAG0AbwBkAGUAbABzAC0AIABjAG8AbQBwAGEAcgBpAHMAbwBuACAAbwBmACAAbABhAG4AZCAQAHUAcwBlAHQAcgBhAG4AcwBwAG8AcgB0ACAAcABvAGwAaQBjAHkAIABzAGkAbQB1AGwAYQB0AGkAbwBuACAAbQBvAGQAZQBsAC4AcABkAGbSFwsYGVdOUy5kYXRhTxEENAAAAAAENAACAAAMTWFjaW50b3NoIEhEAAAAAAAAAAAAAAAAAAAAykEGDEgrAAACMXfyH1RyYW5zcG9ydCBSZXZpZXdzIFYjMjMzOEY0NC5wZGYAAAAAAAAAAAAAAAAAAAAAAAAAAAAAAAAAAAAAAAAAAAIzj0TRJcPnAAAAAAAAAAAABgAEAAAJIAAAAAAAAAAAAAAAAAAAAARMVVRJABAACAAAykDp7AAAABEACAAA0SW11wAAAAEAIAIxd/ICMXfZAiH5GQIh+RAAkMIpAAUCFQAFAhQAAL7sAAIAdk1hY2ludG9zaCBIRDpVc2VyczoASnVzdGU6AERvY3VtZW50czoAQ29tcGxleFN5c3RlbXM6AENpdHlOZXR3b3JrOgBCaWJsaW86AERvY3M6AExVVEk6AFRyYW5zcG9ydCBSZXZpZXdzIFYjMjMzOEY0NC5wZGYADgGaAMwAVAByAGEAbgBzAHAAbwByAHQAIABSAGUAdgBpAGUAdwBzACAAVgBvAGwAdQBtAGUAIAAxADEAIABpAHMAcwB1AGUAIAAyACAAMQA5ADkAMQAgAFsAZABvAGkAIAAxADAALgAxADAAOAAwACUAMgBGADAAMQA0ADQAMQA2ADQAOQAxADAAOAA3ADEANgA3ADcAOABdACAAVwBlAGcAZQBuAGUAcgAsACAATQAuADsAIABNAGEAYwBrAGUAdAB0ACwAIABSAC4ATAAuADsAIABTAGkAbQBtAG8AbgBkAHMALAAgAEQALgBDAC4AIAAtAC0AIABPAG4AZQAgAGMAaQB0AHkALAAgAHQAaAByAGUAZQAgAG0AbwBkAGUAbABzAC0AIABjAG8AbQBwAGEAcgBpAHMAbwBuACAAbwBmACAAbABhAG4AZCAQAHUAcwBlAHQAcgBhAG4AcwBwAG8AcgB0ACAAcABvAGwAaQBjAHkAIABzAGkAbQB1AGwAYQB0AGkAbwBuACAAbQBvAGQAZQBsAC4AcABkAGYADwAaAAwATQBhAGMAaQBuAHQAbwBzAGgAIABIAEQAEgEQVXNlcnMvSnVzdGUvRG9jdW1lbnRzL0NvbXBsZXhTeXN0ZW1zL0NpdHlOZXR3b3JrL0JpYmxpby9Eb2NzL0xVVEkvVHJhbnNwb3J0IFJldmlld3MgVm9sdW1lIDExIGlzc3VlIDIgMTk5MSBbZG9pIDEwLjEwODAlMkYwMTQ0MTY0OTEwODcxNjc3OF0gV2VnZW5lciwgTS47IE1hY2tldHQsIFIuTC47IFNpbW1vbmRzLCBELkMuIC0tIE9uZSBjaXR5LCB0aHJlZSBtb2RlbHMtIGNvbXBhcmlzb24gb2YgbGFuZOKAkHVzZXRyYW5zcG9ydCBwb2xpY3kgc2ltdWxhdGlvbiBtb2RlbC5wZGYAEwABLwAAFQACAAz//wAAgAbSGxwdHlokY2xhc3NuYW1lWCRjbGFzc2VzXU5TTXV0YWJsZURhdGGjHR8gVk5TRGF0YVhOU09iamVjdNIbHCIjXE5TRGljdGlvbmFyeaIiIF8QD05TS2V5ZWRBcmNoaXZlctEmJ1Ryb290gAEACAARABoAIwAtADIANwBAAEYATQBVAGAAZwBqAGwAbgBxAHMAdQB3AIQAjgJvAnQCfAa0BrYGuwbGBs8G3QbhBugG8Qb2BwMHBgcYBxsHIAAAAAAAAAIBAAAAAAAAACgAAAAAAAAAAAAAAAAAAAci}}

@article{wegener2004land,
	Abstract = {The EU research project TRANSLAND is a study on innovative policies and future research needs in the field of integrated urban transport and land-use planning. TRANSLAND serves two objectives. It looks backward in identifying good planning practice examples, insights from conducted research in this field and institutional conditions and barriers for integrated policy making and it looks ahead to advise on best planning practice and to recommend future research and policy development. This TRANSLAND Deliverable 2a is part of a review on the state of the art in the theory of land-use transport interaction at the urban-regional level. The review covers both technical, behavioural and institutional issues of land-use transport interaction at the urban-regional level, i.e. - impacts of local land use policies on the behaviour of travellers and, vice versa, impacts of transport policies on the location behaviour of households and firms within urban regions ('What'); - potentials and problems of co-ordination of land use and transport policies at the urban- regional level in different national and regional institutional contexts ('How').},
	Author = {Wegener, Michael and F{\"u}rst, Franz},
	Date-Added = {2015-09-06 22:50:25 +0000},
	Date-Modified = {2015-09-06 22:50:25 +0000},
	Journal = {Available at SSRN 1434678},
	Reading = {A},
	Title = {Land-use transport interaction: state of the art},
	Usage = {GSB},
	Year = {2004},
	Bdsk-File-1 = {YnBsaXN0MDDUAQIDBAUGJCVYJHZlcnNpb25YJG9iamVjdHNZJGFyY2hpdmVyVCR0b3ASAAGGoKgHCBMUFRYaIVUkbnVsbNMJCgsMDxJXTlMua2V5c1pOUy5vYmplY3RzViRjbGFzc6INDoACgAOiEBGABIAFgAdccmVsYXRpdmVQYXRoWWFsaWFzRGF0YV8QRy4uLy4uLy4uLy4uLy4uLy4uL0JpYmxpby9Eb2NzL0xVVEkvU3RhdGVPZkFydFdlZ2VuZXJfU1NSTi1pZDE0MzQ2NzgucGRm0hcLGBlXTlMuZGF0YU8RAjoAAAAAAjoAAgAADE1hY2ludG9zaCBIRAAAAAAAAAAAAAAAAAAAAMpBBgxIKwAAAjF38h9TdGF0ZU9mQXJ0V2VnZW5lcl9TIzIzMTc3RjUucGRmAAAAAAAAAAAAAAAAAAAAAAAAAAAAAAAAAAAAAAAAAAACMXf10SLBTAAAAAAAAAAAAAYABAAACSAAAAAAAAAAAAAAAAAAAAAETFVUSQAQAAgAAMpA6ewAAAARAAgAANEiszwAAAABACACMXfyAjF32QIh+RkCIfkQAJDCKQAFAhUABQIUAAC+7AACAHZNYWNpbnRvc2ggSEQ6VXNlcnM6AEp1c3RlOgBEb2N1bWVudHM6AENvbXBsZXhTeXN0ZW1zOgBDaXR5TmV0d29yazoAQmlibGlvOgBEb2NzOgBMVVRJOgBTdGF0ZU9mQXJ0V2VnZW5lcl9TIzIzMTc3RjUucGRmAA4ASgAkAFMAdABhAHQAZQBPAGYAQQByAHQAVwBlAGcAZQBuAGUAcgBfAFMAUwBSAE4ALQBpAGQAMQA0ADMANAA2ADcAOAAuAHAAZABmAA8AGgAMAE0AYQBjAGkAbgB0AG8AcwBoACAASABEABIAZlVzZXJzL0p1c3RlL0RvY3VtZW50cy9Db21wbGV4U3lzdGVtcy9DaXR5TmV0d29yay9CaWJsaW8vRG9jcy9MVVRJL1N0YXRlT2ZBcnRXZWdlbmVyX1NTUk4taWQxNDM0Njc4LnBkZgATAAEvAAAVAAIADP//AACABtIbHB0eWiRjbGFzc25hbWVYJGNsYXNzZXNdTlNNdXRhYmxlRGF0YaMdHyBWTlNEYXRhWE5TT2JqZWN00hscIiNcTlNEaWN0aW9uYXJ5oiIgXxAPTlNLZXllZEFyY2hpdmVy0SYnVHJvb3SAAQAIABEAGgAjAC0AMgA3AEAARgBNAFUAYABnAGoAbABuAHEAcwB1AHcAhACOANgA3QDlAyMDJQMqAzUDPgNMA1ADVwNgA2UDcgN1A4cDigOPAAAAAAAAAgEAAAAAAAAAKAAAAAAAAAAAAAAAAAAAA5E=}}
