%% This BibTeX bibliography file was created using BibDesk.
%% http://bibdesk.sourceforge.net/


%% Created for Juste Raimbault at 2015-09-07 00:56:11 +0200 


%% Saved with string encoding Occidental (ISO Latin 1) 



@article{barthelemy2008modeling,
	Abstract = {Urban street patterns form planar networks whose empirical properties cannot be accounted for by simple models such as regular grids or Voronoi tesselations. Striking statistical regularities across different cities have been recently empirically found, suggesting that a general and detail-independent mechanism may be in action.We propose a simple model based on a local optimization process combined with ideas previously proposed in studies of leaf pattern formation. The statistical properties of this model are in good agreement with the observed empirical patterns. Our results thus suggest that in the absence of a global design strategy, the evolution of many different transportation networks indeed follows a simple universal mechanism.},
	Author = {Barth{\'e}lemy, Marc and Flammini, Alessandro},
	Date-Added = {2015-09-06 22:55:54 +0000},
	Date-Modified = {2015-09-06 22:55:54 +0000},
	Journal = {Physical review letters},
	Number = {13},
	Pages = {138702},
	Publisher = {APS},
	Title = {Modeling urban street patterns},
	Volume = {100},
	Year = {2008},
	Bdsk-File-1 = {YnBsaXN0MDDUAQIDBAUGJCVYJHZlcnNpb25YJG9iamVjdHNZJGFyY2hpdmVyVCR0b3ASAAGGoKgHCBMUFRYaIVUkbnVsbNMJCgsMDxJXTlMua2V5c1pOUy5vYmplY3RzViRjbGFzc6INDoACgAOiEBGABIAFgAdccmVsYXRpdmVQYXRoWWFsaWFzRGF0YV8QYS4uLy4uLy4uLy4uLy4uLy4uL0JpYmxpby9Eb2NzL05ldHdvcmtHcm93dGgvR2VvbWV0cmljYWwvTW9kZWxpbmdVcmJhblN0cmVldFBhdHRlcm5zXzA3MDguNDM2MC5wZGbSFwsYGVdOUy5kYXRhTxECgAAAAAACgAACAAAMTWFjaW50b3NoIEhEAAAAAAAAAAAAAAAAAAAAykEGDEgrAAACMXgPH01vZGVsaW5nVXJiYW5TdHJlZXQjMjMxNzgxMC5wZGYAAAAAAAAAAAAAAAAAAAAAAAAAAAAAAAAAAAAAAAAAAAIxeBDRIsFMAAAAAAAAAAAABgAFAAAJIAAAAAAAAAAAAAAAAAAAAAtHZW9tZXRyaWNhbAAAEAAIAADKQOnsAAAAEQAIAADRIrM8AAAAAQAkAjF4DwIxeAgCMXfZAiH5GQIh+RAAkMIpAAUCFQAFAhQAAL7sAAIAjE1hY2ludG9zaCBIRDpVc2VyczoASnVzdGU6AERvY3VtZW50czoAQ29tcGxleFN5c3RlbXM6AENpdHlOZXR3b3JrOgBCaWJsaW86AERvY3M6AE5ldHdvcmtHcm93dGg6AEdlb21ldHJpY2FsOgBNb2RlbGluZ1VyYmFuU3RyZWV0IzIzMTc4MTAucGRmAA4AVAApAE0AbwBkAGUAbABpAG4AZwBVAHIAYgBhAG4AUwB0AHIAZQBlAHQAUABhAHQAdABlAHIAbgBzAF8AMAA3ADAAOAAuADQAMwA2ADAALgBwAGQAZgAPABoADABNAGEAYwBpAG4AdABvAHMAaAAgAEgARAASAIBVc2Vycy9KdXN0ZS9Eb2N1bWVudHMvQ29tcGxleFN5c3RlbXMvQ2l0eU5ldHdvcmsvQmlibGlvL0RvY3MvTmV0d29ya0dyb3d0aC9HZW9tZXRyaWNhbC9Nb2RlbGluZ1VyYmFuU3RyZWV0UGF0dGVybnNfMDcwOC40MzYwLnBkZgATAAEvAAAVAAIADP//AACABtIbHB0eWiRjbGFzc25hbWVYJGNsYXNzZXNdTlNNdXRhYmxlRGF0YaMdHyBWTlNEYXRhWE5TT2JqZWN00hscIiNcTlNEaWN0aW9uYXJ5oiIgXxAPTlNLZXllZEFyY2hpdmVy0SYnVHJvb3SAAQAIABEAGgAjAC0AMgA3AEAARgBNAFUAYABnAGoAbABuAHEAcwB1AHcAhACOAPIA9wD/A4MDhQOKA5UDngOsA7ADtwPAA8UD0gPVA+cD6gPvAAAAAAAAAgEAAAAAAAAAKAAAAAAAAAAAAAAAAAAAA/E=}}

@article{courtat2011mathematics,
	Author = {Courtat, Thomas and Gloaguen, Catherine and Douady, Stephane},
	Date-Added = {2015-09-06 22:55:54 +0000},
	Date-Modified = {2015-09-06 22:55:54 +0000},
	Journal = {Physical Review E},
	Number = {3},
	Pages = {036106},
	Publisher = {APS},
	Title = {Mathematics and morphogenesis of cities: A geometrical approach},
	Volume = {83},
	Year = {2011},
	Bdsk-File-1 = {YnBsaXN0MDDUAQIDBAUGJCVYJHZlcnNpb25YJG9iamVjdHNZJGFyY2hpdmVyVCR0b3ASAAGGoKgHCBMUFRYaIVUkbnVsbNMJCgsMDxJXTlMua2V5c1pOUy5vYmplY3RzViRjbGFzc6INDoACgAOiEBGABIAFgAdccmVsYXRpdmVQYXRoWWFsaWFzRGF0YV8QTi4uLy4uLy4uLy4uLy4uLy4uL0JpYmxpby9Eb2NzL05ldHdvcmtHcm93dGgvR2VvbWV0cmljYWwvUGh5c1JldkUuODMuMDM2MTA2LnBkZtIXCxgZV05TLmRhdGFPEQJAAAAAAAJAAAIAAAxNYWNpbnRvc2ggSEQAAAAAAAAAAAAAAAAAAADKQQYMSCsAAAIxeA8WUGh5c1JldkUuODMuMDM2MTA2LnBkZgAAAAAAAAAAAAAAAAAAAAAAAAAAAAAAAAAAAAAAAAAAAAAAAAAAAAAAAjbp29Eo1loAAAAAAAAAAAAGAAUAAAkgAAAAAAAAAAAAAAAAAAAAC0dlb21ldHJpY2FsAAAQAAgAAMpA6ewAAAARAAgAANEoyEoAAAABACQCMXgPAjF4CAIxd9kCIfkZAiH5EACQwikABQIVAAUCFAAAvuwAAgCDTWFjaW50b3NoIEhEOlVzZXJzOgBKdXN0ZToARG9jdW1lbnRzOgBDb21wbGV4U3lzdGVtczoAQ2l0eU5ldHdvcms6AEJpYmxpbzoARG9jczoATmV0d29ya0dyb3d0aDoAR2VvbWV0cmljYWw6AFBoeXNSZXZFLjgzLjAzNjEwNi5wZGYAAA4ALgAWAFAAaAB5AHMAUgBlAHYARQAuADgAMwAuADAAMwA2ADEAMAA2AC4AcABkAGYADwAaAAwATQBhAGMAaQBuAHQAbwBzAGgAIABIAEQAEgBtVXNlcnMvSnVzdGUvRG9jdW1lbnRzL0NvbXBsZXhTeXN0ZW1zL0NpdHlOZXR3b3JrL0JpYmxpby9Eb2NzL05ldHdvcmtHcm93dGgvR2VvbWV0cmljYWwvUGh5c1JldkUuODMuMDM2MTA2LnBkZgAAEwABLwAAFQACAAz//wAAgAbSGxwdHlokY2xhc3NuYW1lWCRjbGFzc2VzXU5TTXV0YWJsZURhdGGjHR8gVk5TRGF0YVhOU09iamVjdNIbHCIjXE5TRGljdGlvbmFyeaIiIF8QD05TS2V5ZWRBcmNoaXZlctEmJ1Ryb290gAEACAARABoAIwAtADIANwBAAEYATQBVAGAAZwBqAGwAbgBxAHMAdQB3AIQAjgDfAOQA7AMwAzIDNwNCA0sDWQNdA2QDbQNyA38DggOUA5cDnAAAAAAAAAIBAAAAAAAAACgAAAAAAAAAAAAAAAAAAAOe}}

@article{rui2013exploring,
	Author = {Rui, Yikang and Ban, Yifang and Wang, Jiechen and Haas, Jan},
	Date-Added = {2015-09-06 22:55:54 +0000},
	Date-Modified = {2015-09-06 22:55:54 +0000},
	Journal = {The European Physical Journal B},
	Number = {3},
	Pages = {1--8},
	Publisher = {Springer},
	Title = {Exploring the patterns and evolution of self-organized urban street networks through modeling},
	Volume = {86},
	Year = {2013},
	Bdsk-File-1 = {YnBsaXN0MDDUAQIDBAUGJCVYJHZlcnNpb25YJG9iamVjdHNZJGFyY2hpdmVyVCR0b3ASAAGGoKgHCBMUFRYaIVUkbnVsbNMJCgsMDxJXTlMua2V5c1pOUy5vYmplY3RzViRjbGFzc6INDoACgAOiEBGABIAFgAdccmVsYXRpdmVQYXRoWWFsaWFzRGF0YV8RAQQuLi8uLi8uLi8uLi8uLi8uLi9CaWJsaW8vRG9jcy9OZXR3b3JrR3Jvd3RoL0dlb21ldHJpY2FsL1RoZSBFdXJvcGVhbiBQaHlzaWNhbCBKb3VybmFsIEIgLSBDb25kZW5zZWQgTWF0dGVyIGFuZCBDb21wbGV4IFN5c3RlbXMgVm9sdW1lIDg2IGlzc3VlIDMgMjAxMyBbZG9pIDEwLjExNDAlMkZlcGpiJTJGZTIwMTItMzAyMzUtN10gUnVpLCBZaWthbmc7IEJhbiwgWWlmYW5nOyBXYW5nLCBKaWVjaGVuOyBIYWFzLCBKYW4gLS0gRXhwbG9yaW5nIHRoZSBwLnBkZtIXCxgZV05TLmRhdGFPEQRqAAAAAARqAAIAAAxNYWNpbnRvc2ggSEQAAAAAAAAAAAAAAAAAAADKQQYMSCsAAAIxeA8fVGhlIEV1cm9wZWFuIFBoeXNpYyMyNTVGMkI3LnBkZgAAAAAAAAAAAAAAAAAAAAAAAAAAAAAAAAAAAAAAAAAAAlXyt9E4uOUAAAAAAAAAAAAGAAUAAAkgAAAAAAAAAAAAAAAAAAAAC0dlb21ldHJpY2FsAAAQAAgAAMpA6ewAAAARAAgAANE4qtUAAAABACQCMXgPAjF4CAIxd9kCIfkZAiH5EACQwikABQIVAAUCFAAAvuwAAgCMTWFjaW50b3NoIEhEOlVzZXJzOgBKdXN0ZToARG9jdW1lbnRzOgBDb21wbGV4U3lzdGVtczoAQ2l0eU5ldHdvcms6AEJpYmxpbzoARG9jczoATmV0d29ya0dyb3d0aDoAR2VvbWV0cmljYWw6AFRoZSBFdXJvcGVhbiBQaHlzaWMjMjU1RjJCNy5wZGYADgGaAMwAVABoAGUAIABFAHUAcgBvAHAAZQBhAG4AIABQAGgAeQBzAGkAYwBhAGwAIABKAG8AdQByAG4AYQBsACAAQgAgAC0AIABDAG8AbgBkAGUAbgBzAGUAZAAgAE0AYQB0AHQAZQByACAAYQBuAGQAIABDAG8AbQBwAGwAZQB4ACAAUwB5AHMAdABlAG0AcwAgAFYAbwBsAHUAbQBlACAAOAA2ACAAaQBzAHMAdQBlACAAMwAgADIAMAAxADMAIABbAGQAbwBpACAAMQAwAC4AMQAxADQAMAAlADIARgBlAHAAagBiACUAMgBGAGUAMgAwADEAMgAtADMAMAAyADMANQAtADcAXQAgAFIAdQBpACwAIABZAGkAawBhAG4AZwA7ACAAQgBhAG4ALAAgAFkAaQBmAGEAbgBnADsAIABXAGEAbgBnACwAIABKAGkAZQBjAGgAZQBuADsAIABIAGEAYQBzACwAIABKAGEAbgAgAC0ALQAgAEUAeABwAGwAbwByAGkAbgBnACAAdABoAGUAIABwAC4AcABkAGYADwAaAAwATQBhAGMAaQBuAHQAbwBzAGgAIABIAEQAEgEjVXNlcnMvSnVzdGUvRG9jdW1lbnRzL0NvbXBsZXhTeXN0ZW1zL0NpdHlOZXR3b3JrL0JpYmxpby9Eb2NzL05ldHdvcmtHcm93dGgvR2VvbWV0cmljYWwvVGhlIEV1cm9wZWFuIFBoeXNpY2FsIEpvdXJuYWwgQiAtIENvbmRlbnNlZCBNYXR0ZXIgYW5kIENvbXBsZXggU3lzdGVtcyBWb2x1bWUgODYgaXNzdWUgMyAyMDEzIFtkb2kgMTAuMTE0MCUyRmVwamIlMkZlMjAxMi0zMDIzNS03XSBSdWksIFlpa2FuZzsgQmFuLCBZaWZhbmc7IFdhbmcsIEppZWNoZW47IEhhYXMsIEphbiAtLSBFeHBsb3JpbmcgdGhlIHAucGRmAAATAAEvAAAVAAIADP//AACABtIbHB0eWiRjbGFzc25hbWVYJGNsYXNzZXNdTlNNdXRhYmxlRGF0YaMdHyBWTlNEYXRhWE5TT2JqZWN00hscIiNcTlNEaWN0aW9uYXJ5oiIgXxAPTlNLZXllZEFyY2hpdmVy0SYnVHJvb3SAAQAIABEAGgAjAC0AMgA3AEAARgBNAFUAYABnAGoAbABuAHEAcwB1AHcAhACOAZYBmwGjBhEGEwYYBiMGLAY6Bj4GRQZOBlMGYAZjBnUGeAZ9AAAAAAAAAgEAAAAAAAAAKAAAAAAAAAAAAAAAAAAABn8=}}
