

@inproceedings{raimbault2016generation,
  title={G{\'e}n{\'e}ration de donn{\'e}es synth{\'e}tiques corr{\'e}l{\'e}es},
  author={Raimbault, Juste},
  booktitle={Rochebrune 2016, Journ{\'e}es d'Etude sur les Syst{\`e}mes Complexes Naturels et Artificiels},
  year={2016}
}




@inproceedings{cottineau2017initial,
  title={Initial spatial conditions in simulation models: the missing leg of sensitivity analyses?},
  author={Cottineau, Cl{\'e}mentine and Raimbault, Juste and Le Texier, Marion and Le N{\'e}chet, Florent and Reuillon, Romain},
  booktitle={2017 International Conference on GeoComputation: Celebrating 21 Years of GeoComputation},
  year={2017}
}



@article{raimbault2018indirect,
  title={Indirect evidence of network effects in a system of cities},
  author={Raimbault, Juste},
  journal={Environment and Planning B: Urban Analytics and City Science},
  pages={2399808318774335},
  year={2018},
  publisher={SAGE Publications Sage UK: London, England}
}



@phdthesis{schmitt2014modelisation,
  title={Mod{\'e}lisation de la dynamique des syst{\`e}mes de peuplement: de SimpopLocal {\`a} SimpopNet.},
  author={Schmitt, Clara},
  year={2014},
  school={Universit{\'e} Panth{\'e}on-Sorbonne-Paris I}
}



@phdthesis{raimbault:tel-01857741,
  TITLE = {{Characterizing and modeling the co-evolution of transportation networks and territories}},
  AUTHOR = {Raimbault, Juste},
  URL = {https://tel.archives-ouvertes.fr/tel-01857741},
  SCHOOL = {{Univerist{\'e} Paris 7 Denis Diderot}},
  YEAR = {2018},
  MONTH = Jun,
  KEYWORDS = {Territories ; Transportation Networks ; Co-evolution ; Morphogenesis ; Evolutive Urban Theory ; Quantitative Epistemology ; Systems of Cities ; Urban Morphology ; Greater Paris ; Pearl River Delta ; Territoires ; Reseaux de Transport ; Co-evolution ; Morphogen{\`e}se ; Theorie Evolutive des Villes ; Epistemologie Quantitative ; Syst{\`e}mes de Villes ; Morphologie Urbaine ; Grand Paris ; Delta de la Rivi{\`e}re des Perles},
  TYPE = {Theses},
  PDF = {https://tel.archives-ouvertes.fr/tel-01857741/file/Raimbault_Memoire_v3.5.5_Final.pdf},
  HAL_ID = {tel-01857741},
  HAL_VERSION = {v1},
}



@phdthesis{banos2013pour,
  title={Pour des pratiques de mod{\'e}lisation et de simulation lib{\'e}r{\'e}es en G{\'e}ographie et SHS},
  author={Banos, Arnaud},
  year={2013},
  school={Universit{\'e} Paris 1 Panth{\'e}on Sorbonne}
}
