

@book{avelinedubach:halshs-02143832,
  TITLE = {{Pathways of sustainable urban development across China - the cases of Hangzhou, Datong and Zhuhai}},
  AUTHOR = {Aveline-Dubach, Natacha},
  URL = {https://halshs.archives-ouvertes.fr/halshs-02143832},
  EDITOR = {Imago Editor},
  SERIES = {Pathways of sustainable development across China  - the cases of Hangzhou, Datong and Zhuhai},
  YEAR = {2018},
  KEYWORDS = {Sustainable development ; urban landscape ; migration ; China ; urban transport ; stakeholder workshops},
  PDF = {https://halshs.archives-ouvertes.fr/halshs-02143832/file/Medium-PathwaysAcrossChina.pdf},
  HAL_ID = {halshs-02143832},
  HAL_VERSION = {v1},
}


@inproceedings{raimbault2018evolving,
  title={Evolving accessibility landscapes: mutations of transportation networks in China},
  author={Raimbault, J.},
  booktitle={Pathways of sustainable urban development across China - the cases of Hangzhou, Datong and Zhuhai},
  editor={Aveline-Dubach, Natacha},
  year={2019},
  publisher={Imago. ISBN: 978-88-94384-71-0},
  pages={89-108}
}



@inproceedings{raimbault2014hybrid,
  title={A Hybrid Network/Grid Model of Urban Morphogenesis and Optimization},
  author={Raimbault, Juste and Banos, Arnaud and Doursat, Ren{\'e}},
  booktitle={4th International Conference on Complex Systems and Applications},
  pages={51--60},
  year={2014}
}


@inproceedings{raimbault2017identification,
  title={Identification de causalit{\'e}s dans des donn{\'e}es spatio-temporelles},
  author={Raimbault, Juste},
  booktitle={Spatial Analysis and GEOmatics 2017},
  year={2017}
}



@incollection{raimbault2019urban,
  title={An urban morphogenesis model capturing interactions between networks and territories},
  author={Raimbault, Juste},
  booktitle={The Mathematics of Urban Morphology},
  pages={383--409},
  year={2019},
  publisher={Springer}
}



@inproceedings{raimbault2017applied,
  title={An Applied Knowledge Framework to Study Complex Systems},
  author={Raimbault, Juste},
  booktitle={Complex Systems Design \& Management},
  pages={31--45},
  year={2017}
}


@article{raimbault2018indirect,
  title={Indirect evidence of network effects in a system of cities},
  author={Raimbault, Juste},
  journal={Environment and Planning B: Urban Analytics and City Science},
  pages={2399808318774335},
  year={2018},
  publisher={SAGE Publications Sage UK: London, England}
}


@incollection{raimbault2019modeling,
author={Raimbault, J.},
title={Modeling the co-evolution of cities and networks},
editor={Niel, Z., Rozenblat, C.},
year={2019},
booktitle={Handbook of Cities and Network},
publisher={Edwar Elgar Publishing, in press}
}



@article{raimbault2018calibration,
  title={Calibration of a density-based model of urban morphogenesis},
  author={Raimbault, Juste},
  journal={PloS one},
  volume={13},
  number={9},
  pages={e0203516},
  year={2018},
  publisher={Public Library of Science}
}


@incollection{raimbault2019urban,
  title={An urban morphogenesis model capturing interactions between networks and territories},
  author={Raimbault, Juste},
  booktitle={The Mathematics of Urban Morphology},
  pages={383--409},
  year={2019},
  publisher={Springer}
}

@article{raimbault2019exploration,
  title={Exploration of an interdisciplinary scientific landscape},
  author={Raimbault, Juste},
  journal={Scientometrics},
  pages={1--25},
  year={2019},
  publisher={Springer}
}

