




@article{rocca2008power,
	Author = {Rocca, Jean-Louis},
	Journal = {Patterns of middle class consumption in India and China},
	Pages = {127--139},
	Title = {Power of knowledge: The imaginary formation of the Chinese middle stratum in an era of growth and stability},
	Year = {2008}}




@article{lu2012chengdu,
	Author = {LU, Yi and ZHAO, Yong and WU, Ying and LI, Li},
	Journal = {Journal of Changsha University of Science \& Technology (Social Science)},
	Pages = {015},
	Title = {The Chengdu-Guiyang High-Speed Rail Influence on the Location Advantage and Functional Positioning of Yibin City [J]},
	Volume = {5},
	Year = {2012}}




@article{hui2005study,
	Author = {Hui, Eddie CM and Lam, Manfred CM},
	Journal = {Habitat International},
	Number = {3},
	Pages = {421--437},
	Title = {A study of commuting patterns of new town residents in Hong Kong},
	Volume = {29},
	Year = {2005}}



@article{liu2012solving,
	Author = {Liu, Zhili and Jia, Xudong and Cheng, Wen},
	Journal = {Procedia-Social and Behavioral Sciences},
	Pages = {73--78},
	Title = {Solving the last mile problem: Ensure the success of public bicycle system in Beijing},
	Volume = {43},
	Year = {2012}}



@article{ball1990self,
	Author = {Ball, Stephen J},
	Journal = {Internation Journal of Qualitative Studies in Education},
	Number = {2},
	Pages = {157--171},
	Title = {Self-doubt and soft data: social and technical trajectories in ethnographic fieldwork},
	Volume = {3},
	Year = {1990}}



@article{goffman1989fieldwork,
	Author = {Goffman, Erving},
	Journal = {Journal of contemporary ethnography},
	Number = {2},
	Pages = {123--132},
	Title = {On fieldwork},
	Volume = {18},
	Year = {1989}}



@inproceedings{lefort2012terrain,
	Author = {Lefort, Isabelle},
	Booktitle = {Annales de g{\'e}ographie},
	Number = {5},
	Organization = {Armand Colin},
	Pages = {468--486},
	Title = {Le terrain: l'Arl{\'e}sienne des g{\'e}ographes?},
	Year = {2012}}



@article{retaille2010terrain,
	Author = {Retaill{\'e}, Denis},
	Journal = {L'information g{\'e}ographique},
	Number = {1},
	Pages = {84--96},
	Title = {Au terrain, un apprentissage},
	Volume = {74},
	Year = {2010}}

