% Encoding: UTF-8

@Article{raimbault2018indirect,
  author        = {Raimbault, Juste},
  title         = {Indirect evidence of networks effects in a system of cities},
  journal       = {Environment and Planning B, in press},
  year          = {2018},
  booktitle     = {Conference on Complex Systems 2016},
  date-added    = {2017-02-19 15:14:05 +0000},
  date-modified = {2017-02-19 15:14:05 +0000},
}

@InProceedings{raimbault2014hybrid,
  author    = {Raimbault, Juste and Banos, Arnaud and Doursat, Ren{\'e}},
  title     = {A Hybrid Network/Grid Model of Urban Morphogenesis and Optimization},
  booktitle = {4th International Conference on Complex Systems and Applications},
  year      = {2014},
  pages     = {51--60},
}

@InProceedings{raimbault2017identification,
  author    = {Raimbault, Juste},
  title     = {Identification de causalit{\'e}s dans des donn{\'e}es spatio-temporelles},
  booktitle = {Spatial Analysis and GEOmatics 2017},
  year      = {2017},
}

@Article{pumain1986fichier,
  author        = {Pumain, Denise and Riandey, Beno{\^\i}t},
  title         = {Le Fichier de l'Ined},
  journal       = {Espace, populations, soci{\'e}t{\'e}s},
  year          = {1986},
  volume        = {4},
  number        = {2},
  pages         = {269--277},
  date-added    = {2016-09-15 09:24:23 +0000},
  date-modified = {2016-09-15 09:24:23 +0000},
  publisher     = {Pers{\'e}e-Portail des revues scientifiques en SHS},
}

@Comment{jabref-meta: databaseType:bibtex;}
