

@inproceedings{raimbault2017identification,
  title={Identification de causalit{\'e}s dans des donn{\'e}es spatio-temporelles},
  author={Raimbault, Juste},
  booktitle={Spatial Analysis and GEOmatics 2017},
  year={2017}
}


@article{raimbault2018indirect,
  title={Indirect evidence of network effects in a system of cities},
  author={Raimbault, Juste},
  journal={Environment and Planning B: Urban Analytics and City Science},
  pages={2399808318774335},
  year={2018},
  publisher={SAGE Publications Sage UK: London, England}
}


@article{rozenblat2018conclusion,
  title={Conclusion: Toward a Methodology for Multi-scalar Urban System Policies},
  author={Rozenblat, Celine and Pumain, Denise},
  journal={International and Transnational Perspectives on Urban Systems},
  pages={385},
  year={2018},
  publisher={Springer}
}


@inproceedings{raimbault2017applied,
	Author = {Raimbault, Juste},
	Booktitle = {Complex Systems Design \& Management},
	Pages = {31--45},
	Title = {An Applied Knowledge Framework to Study Complex Systems},
	Year = {2017}}


@inproceedings{lenechet:halshs-01272236,
	Address = {Bari, Italy},
	Author = {Le N{\'e}chet, Florent and Raimbault, Juste},
	Booktitle = {{European Colloquium on Theoretical and Quantitative Geography}},
	Month = Sep,
	Title = {{Modeling the emergence of metropolitan transport authority in a polycentric urban region}},
	Year = {2015}}


@article{le2015forme,
	Author = {Le N{\'e}chet, Florent},
	Journal = {Cybergeo: European Journal of Geography},
	Title = {De la forme urbaine {\`a} la structure m{\'e}tropolitaine: une typologie de la configuration interne des densit{\'e}s pour les principales m{\'e}tropoles europ{\'e}ennes de l'Audit Urbain},
	Year = {2015}}



@article{reuillon2013openmole,
	Author = {Reuillon, Romain and Leclaire, Mathieu and Rey-Coyrehourcq, Sebastien},
	Journal = {Future Generation Computer Systems},
	Number = {8},
	Pages = {1981--1990},
	Title = {OpenMOLE, a workflow engine specifically tailored for the distributed exploration of simulation models},
	Volume = {29},
	Year = {2013}}


@book{doursat2012morphogenetic,
	Author = {Doursat, Ren{\'e} and Sayama, Hiroki and Michel, Olivier},
	Publisher = {Springer},
	Title = {Morphogenetic engineering: toward programmable complex systems},
	Year = {2012}}



@inproceedings{raimbault2014hybrid,
	Author = {Raimbault, Juste and Banos, Arnaud and Doursat, Ren{\'e}},
	Booktitle = {4th International Conference on Complex Systems and Applications (ICCSA 2014)},
	Pages = {51--60},
	Title = {A Hybrid Network/Grid Model of Urban Morphogenesis and Optimization},
	Year = {2014}}




@book{pumain2017urban,
	Author = {Pumain, Denise and Reuillon, Romain},
	Publisher = {Springer International},
	Title = {Urban Dynamics and Simulation Models},
	Year = {2017}}



@article{banos2013pour,
	Author = {Banos, Arnaud},
	Journal = {HDR. Universit{\'e} Paris},
	Title = {Pour des pratiques de mod{\'e}lisation et de simulation lib{\'e}r{\'e}es en G{\'e}ographies et SHS},
	Volume = {1},
	Year = {2013}}




@article{espacegeo2014effets,
	Author = {Offner, Jean-Marc and Beaucire, Francis and Delaplace, Marie and Fr{\'e}mont, Armand and Ninot, Olivier and Bretagnolle, Anne and Pumain, Denise},
	Journal = {Espace Geographique},
	Number = {42},
	Pages = {p--51},
	Title = {Les effets structurants des infrastructures de transport},
	Year = {2014}}


@phdthesis{bretagnolle:tel-00459720,
	Author = {Bretagnolle, Anne},
	Month = Jun,
	School = {Universit{\'e} Panth{\'e}on-Sorbonne - Paris I},
	Title = {{Villes et r{\'e}seaux de transport : des interactions dans la longue dur{\'e}e, France, Europe, {\'E}tats-Unis}},
	Type = {HDR},
	Year = {2009}}


@article{offner1993effets,
	Author = {Offner, Jean-Marc},
	Journal = {Espace g{\'e}ographique},
	Number = {3},
	Pages = {233--242},
	Title = {Les "effets structurants" du transport: mythe politique, mystification scientifique},
	Volume = {22},
	Year = {1993}}


@article{pumain1997pour,
	Author = {Pumain, Denise},
	Journal = {Espace g{\'e}ographique},
	Number = {2},
	Pages = {119--134},
	Title = {Pour une th{\'e}orie {\'e}volutive des villes},
	Volume = {26},
	Year = {1997}}




@article{baptistemodeling,
	Author = {Baptiste, Herv{\'e}},
	Journal = {Graphs and Networks: Multilevel Modeling, Second Edition},
	Pages = {67--89},
	Title = {Modeling the Evolution of a Transport System and its Impacts on a French Urban System},
	Year = {2010}}



@phdthesis{schmitt2014modelisation,
	Author = {Schmitt, Clara},
	School = {Paris 1},
	Title = {Mod{\'e}lisation de la dynamique des syst{\`e}mes de peuplement: de SimpopLocal {\`a} SimpopNet.},
	Year = {2014}}


