


@book{giere2010explaining,
  title={Explaining science: A cognitive approach},
  author={Giere, Ronald N},
  year={1990},
  publisher={University of Chicago Press, Chicago, ISBN: 9780226292069}
}

@article{wegener2004land,
	Author = {Wegener, Michael and F{\"u}rst, Franz},
	Journal = {Available at SSRN 1434678},
	Title = {Land-use transport interaction: state of the art},
	Year = {2004}}



@phdthesis{commenges:tel-00923682,
	Author = {Commenges, Hadrien},
	Month = Dec,
	School = {{Universit{\'e} Paris-Diderot - Paris VII}},
	Title = {{The invention of daily mobility. Performative aspects of the instruments of economics of transportation.}},
	Year = {2013}}


@article{stodden2010scientific,
	Author = {Stodden, Victoria},
	Journal = {MIT Sloan research paper},
	Title = {The scientific method in practice: Reproducibility in the computational sciences},
	Year = {2010}}



@article{landry1983model,
  title={Model validation in operations research},
  author={Landry, Maurice and Malouin, Jean-Louis and Oral, Muhittin},
  journal={European journal of operational research},
  volume={14},
  number={3},
  pages={207--220},
  year={1983},
  publisher={Elsevier}
}


@inproceedings{sargent2010verification,
  title={Verification and validation of simulation models},
  author={Sargent, Robert G},
  booktitle={Proceedings of the 2010 Winter Simulation Conference},
  pages={166--183},
  year={2010},
  organization={IEEE}
}



@book{varenne2017theories,
	Author = {Varenne, Franck},
	Publisher = {Editions Mat{\'e}riologiques},
	Title = {Th{\'e}ories et mod{\`e}les en sciences humaines. Le cas de la g{\'e}ographie},
	Year = {2017}}


