%% This BibTeX bibliography file was created using BibDesk.
%% http://bibdesk.sourceforge.net/

%% Created for Juste Raimbault at 2017-12-16 17:21:51 +0100 


%% Saved with string encoding Unicode (UTF-8) 



@inproceedings{raimbault:halshs-01584914,
	Address = {York, United Kingdom},
	Author = {Raimbault, Juste and Baffi, Sol{\`e}ne},
	Booktitle = {{European Colloquium in Theoretical and Quantitative Geography 2017}},
	Date-Added = {2017-11-13 12:19:33 +0000},
	Date-Modified = {2017-11-13 12:19:33 +0000},
	Hal_Id = {halshs-01584914},
	Hal_Version = {v1},
	Keywords = {South Africa ; Network-Territories Interactions ; Railway Network ; Spatio-temporal Causality},
	Month = Sep,
	Title = {{Structural Segregation: Assessing the impact of South African Apartheid on Underlying Dynamics of Interactions between Networks and Territories}},
	Url = {https://halshs.archives-ouvertes.fr/halshs-01584914},
	Year = {2017},
	Bdsk-Url-1 = {https://halshs.archives-ouvertes.fr/halshs-01584914}}

@article{raimbault2017calibration,
	Author = {Raimbault, Juste},
	Date-Added = {2017-11-13 12:16:46 +0000},
	Date-Modified = {2017-11-13 12:16:46 +0000},
	Journal = {arXiv preprint arXiv:1708.06743},
	Title = {Calibration of a Density-based Model of Urban Morphogenesis},
	Year = {2017}}

@article{raimbault2017identification,
	Author = {Raimbault, Juste},
	Date-Added = {2017-11-13 12:16:07 +0000},
	Date-Modified = {2017-11-13 12:16:07 +0000},
	Journal = {arXiv preprint arXiv:1709.08684},
	Title = {Identification of Causalities in Spatio-temporal Data},
	Year = {2017}}

@incollection{raimbault2017discrepancy,
	Author = {Raimbault, Juste},
	Booktitle = {Complex Systems Design \& Management},
	Date-Added = {2017-10-04 15:32:15 +0000},
	Date-Modified = {2017-10-04 15:32:15 +0000},
	Pages = {141--154},
	Publisher = {Springer},
	Title = {A Discrepancy-Based Framework to Compare Robustness Between Multi-attribute Evaluations},
	Year = {2017}}

@inproceedings{raimbault:halshs-01422484,
	Address = {Guangzhou, China},
	Author = {Raimbault, Juste},
	Booktitle = {{Medium Seminar - Urban Sustainable Development in Zhuhai}},
	Date-Added = {2017-10-04 12:07:04 +0000},
	Date-Modified = {2017-10-04 12:07:04 +0000},
	Hal_Id = {halshs-01422484},
	Hal_Version = {v1},
	Keywords = {Co-evolutive Networked Territorial Systems ; Agent-based Modeling ; Transportation Governance ; Pearl River Delta Mega-city Region ; 耦合演进网络化领土系统 ; 基于代理的建模 ; 运输治理 ; 珠江三角洲},
	Month = Dec,
	Organization = {{Sun Yat-Sen University}},
	Title = {{Towards a Theory of Co-evolutive Networked Territorial Systems: Insights from Transportation Governance Modeling in Pearl River Delta, China}},
	Url = {https://halshs.archives-ouvertes.fr/halshs-01422484},
	Year = {2016},
	Bdsk-Url-1 = {https://halshs.archives-ouvertes.fr/halshs-01422484}}

@inproceedings{raimbault2017identificationfr,
	Author = {Raimbault, Juste},
	Booktitle = {submitted to SAGEO 2017},
	Date-Modified = {2017-11-13 12:16:18 +0000},
	Title = {Identification de Causalit{\'e}s dans des Donn{\'e}es Spatio-temporelles},
	Year = {2017}}

@inproceedings{raimbault2017complex,
	Author = {Raimbault, Juste},
	Booktitle = {forthcoming discussion at ERC Divercity Workshop, 12-13 October 2017},
	Date-Added = {2017-06-28 10:40:17 +0000},
	Date-Modified = {2017-06-28 10:42:01 +0000},
	Title = {Complexity, Complexities and Complex Knowledges},
	Year = {2017}}

@misc{raimbault2016system,
	Author = {Raimbault, Juste},
	Date-Added = {2017-06-28 10:38:14 +0000},
	Date-Modified = {2017-06-28 10:38:14 +0000},
	Howpublished = {forthcoming presentation at CCS2016, 19-22 September, Amsterdam. Abstract available at https://github.com/JusteRaimbault/CityNetwork/blob/master/Docs/Communications/CCS2016/ccs2016.pdf},
	Title = {Models of growth for system of cities : Back to the simple},
	Year = {2016}}

@article{2016arXiv160508888R,
	Adsnote = {Provided by the SAO/NASA Astrophysics Data System},
	Adsurl = {http://adsabs.harvard.edu/abs/2016arXiv160508888R},
	Archiveprefix = {arXiv},
	Author = {{Raimbault}, J.},
	Date-Added = {2017-06-28 10:37:20 +0000},
	Date-Modified = {2017-06-28 10:37:20 +0000},
	Eprint = {1605.08888},
	Journal = {ArXiv e-prints},
	Keywords = {Computer Science - Digital Libraries},
	Month = {may},
	Primaryclass = {cs.DL},
	Title = {Models Coupling Urban Growth and Transportation Network Growth : An Algorithmic Systematic Review Approach},
	Year = {2016}}

@article{2016arXiv160805266R,
	Adsnote = {Provided by the SAO/NASA Astrophysics Data System},
	Adsurl = {http://adsabs.harvard.edu/abs/2016arXiv160805266R},
	Archiveprefix = {arXiv},
	Author = {{Raimbault}, J.},
	Date-Added = {2017-06-28 10:37:20 +0000},
	Date-Modified = {2017-06-28 10:37:20 +0000},
	Eprint = {1608.05266},
	Journal = {Forthcoming in Transportation Research Procedia, EWGT2016. ArXiv e-prints},
	Keywords = {Physics - Physics and Society},
	Month = aug,
	Primaryclass = {physics.soc-ph},
	Title = {{Investigating the Empirical Existence of Static User Equilibrium}},
	Year = 2016}

@article{antelope2016interdisciplinary,
	Author = {Antelope, Chenling and Hubatsch, Lars and Raimbault, Juste and Serna, Jesus Mario},
	Date-Added = {2017-06-28 10:37:20 +0000},
	Date-Modified = {2017-06-28 10:37:20 +0000},
	Journal = {Forthcoming in Proceedings of Santa Fe Institute CSSS 2016.},
	Title = {An Interdisciplinary Approach to Morphogenesis},
	Year = {2016}}

@misc{cybergeo20,
	Author = {Pierre-Olivier Chasset and Hadrien Commenges and Clementine Cottineau and Juste Raimbault},
	Date-Added = {2017-06-28 10:37:20 +0000},
	Date-Modified = {2017-06-28 10:37:20 +0000},
	Doi = {10.5281/zenodo.53905},
	Month = may,
	Title = {cybergeo20 v1.0},
	Url = {http://dx.doi.org/10.5281/zenodo.53905},
	Year = 2016,
	Bdsk-Url-1 = {http://dx.doi.org/10.5281/zenodo.53905}}

@article{le2015modeling,
	Author = {Le N{\'e}chet, Florent and Raimbault, Juste},
	Date-Added = {2017-06-28 10:37:20 +0000},
	Date-Modified = {2017-06-28 10:37:20 +0000},
	Journal = {Plurimondi. An International Forum for Research and Debate on Human Settlements},
	Number = {15},
	Title = {Modeling the emergence of metropolitan transport autorithy in a polycentric urban region},
	Volume = {7},
	Year = {2015}}

@inproceedings{lenechet:halshs-01272236,
	Address = {Bari, Italy},
	Author = {Le N{\'e}chet, Florent and Raimbault, Juste},
	Booktitle = {{European Colloqueum on Theoretical and Quantitative Geography}},
	Date-Added = {2017-06-28 10:37:20 +0000},
	Date-Modified = {2017-06-28 10:37:20 +0000},
	Hal_Id = {halshs-01272236},
	Hal_Version = {v1},
	Keywords = {Mega City-Regions ; LUTI models ; polycentric governance},
	Month = Sep,
	Title = {{Modeling the emergence of metropolitan transport autorithy in a polycentric urban region}},
	Url = {https://halshs.archives-ouvertes.fr/halshs-01272236},
	Year = {2015},
	Bdsk-Url-1 = {https://halshs.archives-ouvertes.fr/halshs-01272236}}

@inproceedings{raimbault:halshs-01505084,
	Address = {Paris, France},
	Author = {Raimbault, Juste},
	Booktitle = {{Journ{\'e}e des jeunes chercheurs de l'Institut de G{\'e}ographie de Paris}},
	Date-Added = {2017-06-28 10:37:20 +0000},
	Date-Modified = {2017-06-28 10:37:20 +0000},
	Hal_Id = {halshs-01505084},
	Hal_Version = {v1},
	Keywords = {Cadre de Connaissances ; Integration des Domaines},
	Month = Apr,
	Title = {{Un Cadre de Connaissances pour une G{\'e}ographie Int{\'e}gr{\'e}e}},
	Url = {https://halshs.archives-ouvertes.fr/halshs-01505084},
	Year = {2017},
	Bdsk-Url-1 = {https://halshs.archives-ouvertes.fr/halshs-01505084}}

@inproceedings{raimbault2014hybrid,
	Author = {Raimbault, J. and Banos, A. and Doursat, R.},
	Booktitle = {Proceedings of the 4th International Conference on Complex Systems and Applications (ICCSA 2014), June 23-26, 2014, Universit{\'e} de Normandie, Le Havre, France; M. A. Aziz-Alaoui, C. Bertelle, X. Z. Liu, D. Olivier, eds.: pp. 51-60.},
	Date-Added = {2017-06-28 10:37:20 +0000},
	Date-Modified = {2017-06-28 10:37:20 +0000},
	Title = {A hybrid network/grid model of urban morphogenesis and optimization},
	Year = {2014},
	Bdsk-File-1 = {YnBsaXN0MDDUAQIDBAUGJCVYJHZlcnNpb25YJG9iamVjdHNZJGFyY2hpdmVyVCR0b3ASAAGGoKgHCBMUFRYaIVUkbnVsbNMJCgsMDxJXTlMua2V5c1pOUy5vYmplY3RzViRjbGFzc6INDoACgAOiEBGABIAFgAdccmVsYXRpdmVQYXRoWWFsaWFzRGF0YV8QSi4uL0RvY3MvVXJiYW5Nb3JwaG9nZW5lc2lzL1JhaW1iYXVsdF9CYW5vc19Eb3Vyc2F0XzIwMTRfdXJibW9ycGhfSUNDU0EucGRm0hcLGBlXTlMuZGF0YU8RAoYAAAAAAoYAAgAADE1hY2ludG9zaCBIRAAAAAAAAAAAAAAAAAAAAMpBWmxIKwAAAjF4Mh9SYWltYmF1bHRfQmFub3NfRG91IzIzMTc4MzUucGRmAAAAAAAAAAAAAAAAAAAAAAAAAAAAAAAAAAAAAAAAAAACMXg10SMjvAAAAAAAAAAAAAEAAwAACSAAAAAAAAAAAAAAAAAAAAASVXJiYW5Nb3JwaG9nZW5lc2lzABAACAAAykDp7AAAABEACAAA0SKzPAAAAAEAIAIxeDICMXfZAiH5GQIh+RAAkMIpAAUCFQAFAhQAAL7sAAIAhE1hY2ludG9zaCBIRDpVc2VyczoASnVzdGU6AERvY3VtZW50czoAQ29tcGxleFN5c3RlbXM6AENpdHlOZXR3b3JrOgBCaWJsaW86AERvY3M6AFVyYmFuTW9ycGhvZ2VuZXNpczoAUmFpbWJhdWx0X0Jhbm9zX0RvdSMyMzE3ODM1LnBkZgAOAGAALwBSAGEAaQBtAGIAYQB1AGwAdABfAEIAYQBuAG8AcwBfAEQAbwB1AHIAcwBhAHQAXwAyADAAMQA0AF8AdQByAGIAbQBvAHIAcABoAF8ASQBDAEMAUwBBAC4AcABkAGYADwAaAAwATQBhAGMAaQBuAHQAbwBzAGgAIABIAEQAEgB/VXNlcnMvSnVzdGUvRG9jdW1lbnRzL0NvbXBsZXhTeXN0ZW1zL0NpdHlOZXR3b3JrL0JpYmxpby9Eb2NzL1VyYmFuTW9ycGhvZ2VuZXNpcy9SYWltYmF1bHRfQmFub3NfRG91cnNhdF8yMDE0X3VyYm1vcnBoX0lDQ1NBLnBkZgAAEwABLwAAFQACAAz//wAAgAbSGxwdHlokY2xhc3NuYW1lWCRjbGFzc2VzXU5TTXV0YWJsZURhdGGjHR8gVk5TRGF0YVhOU09iamVjdNIbHCIjXE5TRGljdGlvbmFyeaIiIF8QD05TS2V5ZWRBcmNoaXZlctEmJ1Ryb290gAEACAARABoAIwAtADIANwBAAEYATQBVAGAAZwBqAGwAbgBxAHMAdQB3AIQAjgDbAOAA6ANyA3QDeQOEA40DmwOfA6YDrwO0A8EDxAPWA9kD3gAAAAAAAAIBAAAAAAAAACgAAAAAAAAAAAAAAAAAAAPg}}

@techreport{raimbault2014vers,
	Author = {J. Raimbault},
	Date-Added = {2017-06-28 10:37:20 +0000},
	Date-Modified = {2017-06-28 10:37:20 +0000},
	Institution = {G{\'e}ographie-Cit{\'e}s UMR CNRS 8504/LVMT UMR-T IFSTTAR 9403},
	Title = {Vers des Mod{\`e}les Couplant D{\'e}veloppement Urbain et Croissance des R{\'e}seaux de Transports, PhD Project Description.},
	Year = {October 2014}}

@inproceedings{raimbault2015hybrid,
	Author = {Raimbault, Juste},
	Booktitle = {International Conference on Computational Social Science},
	Date-Added = {2017-06-28 10:37:20 +0000},
	Date-Modified = {2017-06-28 10:37:20 +0000},
	Title = {Hybrid Modeling of a Bike-Sharing Transportation System},
	Year = {2015}}

@conference{raimbault2015labex,
	Author = {Raimbault, J. and Gonzalez, J.},
	Booktitle = {Rencontres du Labex Dynamites},
	Date-Added = {2017-06-28 10:37:20 +0000},
	Date-Modified = {2017-06-28 10:37:20 +0000},
	Title = {Application de la Morphog{\'e}n{\`e}se de R{\'e}seaux Biologiques {\`a} la Conception Optimale d'Infrastructures de Transport},
	Year = {May 2015}}

@article{raimbault2015models,
	Author = {J. Raimbault},
	Date-Added = {2017-06-28 10:37:20 +0000},
	Date-Modified = {2017-06-28 10:37:20 +0000},
	Journal = {Forthcoming in ECTQG 2015 Proceedings.},
	Title = {Models Coupling Urban Growth and Transportation Network Growth: An Algorithmic Systematic Review Approach},
	Year = {2015}}

@incollection{raimbault2015user,
	Author = {Raimbault, Juste},
	Booktitle = {Complex Systems Design \& Management},
	Date-Added = {2017-06-28 10:37:20 +0000},
	Date-Modified = {2017-06-28 10:37:20 +0000},
	Pages = {31--44},
	Publisher = {Springer},
	Title = {User-based solutions for increasing level of service in bike-sharing transportation systems},
	Year = {2015}}

@article{raimbault2016calibration,
	Author = {J. Raimbault},
	Date-Added = {2017-06-28 10:37:20 +0000},
	Date-Modified = {2017-06-28 10:37:20 +0000},
	Journal = {Working Paper, draft at https://github.com/JusteRaimbault/CityNetwork/tree/master/Docs/Papers/Density},
	Title = {Calibration of a Spatialized Urban Growth Model},
	Year = {2016}}

@inproceedings{raimbault2016cautious,
	Author = {Raimbault, Juste},
	Booktitle = {Royal Geographical Society-Annual Conference 2016-Session: Geocomputation, the Next 20 Years (1)},
	Date-Added = {2017-06-28 10:37:20 +0000},
	Date-Modified = {2017-06-28 10:37:20 +0000},
	Title = {For a Cautious Use of Big Data and Computation},
	Year = {2016}}

@article{raimbault2016generation,
	Author = {Raimbault, J.},
	Date-Added = {2017-06-28 10:37:20 +0000},
	Date-Modified = {2017-06-28 10:37:20 +0000},
	Journal = {Forthcoming in Actes des Journees de Rochebrune 2016.},
	Title = {Generation of Correlated Synthetic Data},
	Year = {2016}}

@inproceedings{raimbault2016indirect,
	Author = {Raimbault, Juste},
	Booktitle = {20e Anniversaire de Cybergeo},
	Date-Added = {2017-06-28 10:37:20 +0000},
	Date-Modified = {2017-06-28 10:37:20 +0000},
	Title = {Indirect Bibliometrics by Complex Network Analysis},
	Year = {2016}}

@article{raimbault2016investigating,
	Author = {Raimbault, Juste},
	Date-Added = {2017-06-28 10:37:20 +0000},
	Date-Modified = {2017-06-28 10:37:20 +0000},
	Journal = {Forthcoming in Transportation Research Procedia, EWGT2016. arXiv preprint arXiv:1608.05266},
	Title = {Investigating the Empirical Existence of Static User Equilibrium},
	Year = {2016}}

@phdthesis{raimbault2016memoire,
	Author = {Raimbault, Juste},
	Date-Added = {2017-06-28 10:37:20 +0000},
	Date-Modified = {2017-06-28 10:37:20 +0000},
	School = {{Universit{\'e} Paris-Diderot - Paris VII}},
	Title = {Towards Models Coupling Urban Growth and Transportation Network Growth. First year preliminary memoire. DOI : http://dx.doi.org/10.5281/zenodo.60538},
	Year = {2016}}

@inproceedings{raimbault2016models,
	Author = {Raimbault, Juste},
	Booktitle = {Conference on Complex Systems 2016},
	Date-Added = {2017-06-28 10:37:20 +0000},
	Date-Modified = {2017-06-28 10:37:20 +0000},
	Title = {Models of growth for system of cities: Back to the simple},
	Year = {2016}}

@misc{raimbault2016simpopsan,
	Author = {Juste Raimbault},
	Date-Added = {2017-06-28 10:37:20 +0000},
	Date-Modified = {2017-06-28 10:37:20 +0000},
	Doi = {10.5281/zenodo.59687},
	Month = aug,
	Title = {SimpopSan - ExperimentalModeling v1.0 - http://dx.doi.org/10.5281/zenodo.59687},
	Url = {http://dx.doi.org/10.5281/zenodo.59687},
	Year = 2016,
	Bdsk-Url-1 = {http://dx.doi.org/10.5281/zenodo.59687}}

@inproceedings{cottineau2017initial,
	Author = {Cottineau, Clementine and Raimbault, Juste and Le Texier, Marion and Le Nechet, Florent and Reuillon, Romain},
	Booktitle = {Geocomputation Conference},
	Date-Added = {2017-06-28 10:37:20 +0000},
	Date-Modified = {2017-06-28 10:41:46 +0000},
	Title = {Initial spatial conditions in simulation models: the missing leg of sensitivity analyses?},
	Year = {2017}}

@inproceedings{raimbault2017co,
	Author = {Raimbault, Juste},
	Booktitle = {Treizi{\`e}mes Rencontres de Th{\'e}oQuant},
	Date-Added = {2017-06-28 10:37:20 +0000},
	Date-Modified = {2017-06-28 10:37:20 +0000},
	Title = {Co-construire Mod{\`e}les, Etudes Empiriques et Th{\'e}ories en G{\'e}ographie Th{\'e}orique et Quantitative: le cas des Interactions entre R{\'e}seaux et Territoires},
	Year = {2017}}

@article{raimbault2017cost,
	Author = {Raimbault, Juste and Bergeaud, Antonin},
	Date-Added = {2017-06-28 10:37:20 +0000},
	Date-Modified = {2017-06-28 10:37:20 +0000},
	Journal = {Forthcoming in Transportation Research Procedia, EWGT2017.},
	Title = {The Cost of Transportation: Spatial Analysis of Fuel Prices in the US},
	Year = {2017}}

@article{raimbault2017investigating,
	Author = {Raimbault, Juste},
	Date-Added = {2017-06-28 10:37:20 +0000},
	Date-Modified = {2017-06-28 10:37:20 +0000},
	Journal = {Transportation Research Procedia},
	Pages = {450--458},
	Title = {Investigating the Empirical Existence of Static User Equilibrium},
	Url = {DOI : 10.1016/j.trpro.2017.03.053 ; arXiv preprint arXiv:1608.05266},
	Volume = {22C},
	Year = {2017},
	Bdsk-Url-1 = {DOI%20:%2010.1016/j.trpro.2017.03.053%20;%20arXiv%20preprint%20arXiv:1608.05266}}

@article{raimbault2017knowledge,
	Author = {Raimbault, Juste},
	Date-Added = {2017-06-28 10:37:20 +0000},
	Date-Modified = {2017-06-28 10:37:20 +0000},
	Journal = {Forthcoming in CSDM2017 proceedings.},
	Title = {An Applied Knowledge Framework to Study Complex Systems},
	Year = {2017}}
