

@inproceedings{raimbault2017models,
	Author = {Raimbault, Juste},
	Booktitle = {forthcoming presentation at Conference on Complex Systems 2017},
	Title = {Modeling the Co-evolution of Urban Form and Transportation Networks},
	Year = {2017},
	Month = {September}
	}

