%% This BibTeX bibliography file was created using BibDesk.
%% http://bibdesk.sourceforge.net/


%% Created for Juste Raimbault at 2016-01-20 15:31:53 +0100 


%% Saved with string encoding Occidental (ISO Latin 1) 



@article{2001PhyA..299...16B,
	Adsnote = {Provided by the SAO/NASA Astrophysics Data System},
	Adsurl = {http://adsabs.harvard.edu/abs/2001PhyA..299...16B},
	Author = {{Bonanno}, G. and {Lillo}, F. and {Mantegna}, R.~N.},
	Date-Added = {2016-01-20 14:31:49 +0000},
	Date-Modified = {2016-01-20 14:31:49 +0000},
	Eprint = {cond-mat/0104369},
	Journal = {Physica A Statistical Mechanics and its Applications},
	Month = oct,
	Pages = {16-27},
	Title = {{Levels of complexity in financial markets}},
	Volume = 299,
	Year = 2001,
	Bdsk-Url-1 = {http://dx.doi.org/10.1016/S0378-4371(01)00279-5}}

@article{2009arXiv0910.1205B,
	Adsnote = {Provided by the SAO/NASA Astrophysics Data System},
	Adsurl = {http://adsabs.harvard.edu/abs/2009arXiv0910.1205B},
	Archiveprefix = {arXiv},
	Author = {{Bouchaud}, J.~P. and {Potters}, M.},
	Date-Added = {2016-01-20 14:31:49 +0000},
	Date-Modified = {2016-01-20 14:31:49 +0000},
	Eprint = {0910.1205},
	Journal = {ArXiv e-prints},
	Keywords = {Quantitative Finance - Statistical Finance, Condensed Matter - Disordered Systems and Neural Networks, Quantitative Finance - Risk Management},
	Month = oct,
	Primaryclass = {q-fin.ST},
	Title = {{Financial Applications of Random Matrix Theory: a short review}},
	Year = 2009}

@article{2015arXiv150701033P,
	Adsnote = {Provided by the SAO/NASA Astrophysics Data System},
	Adsurl = {http://adsabs.harvard.edu/abs/2015arXiv150701033P},
	Archiveprefix = {arXiv},
	Author = {{Potiron}, Y. and {Mykland}, P.},
	Date-Added = {2016-01-20 14:31:49 +0000},
	Date-Modified = {2016-01-20 14:31:49 +0000},
	Eprint = {1507.01033},
	Journal = {ArXiv e-prints},
	Keywords = {Quantitative Finance - Statistical Finance},
	Month = jul,
	Primaryclass = {q-fin.ST},
	Title = {{Estimation of integrated quadratic covariation between two assets with endogenous sampling times}},
	Year = 2015,
	Bdsk-File-1 = {YnBsaXN0MDDUAQIDBAUGJCVYJHZlcnNpb25YJG9iamVjdHNZJGFyY2hpdmVyVCR0b3ASAAGGoKgHCBMUFRYaIVUkbnVsbNMJCgsMDxJXTlMua2V5c1pOUy5vYmplY3RzViRjbGFzc6INDoACgAOiEBGABIAFgAdccmVsYXRpdmVQYXRoWWFsaWFzRGF0YV8QOi4uLy4uL1BhcGVycy9Sb2NoZWJydW5lL1BhcGVyL2JpYmxpby9Eb2NzLzE1MDcuMDEwMzN2Mi5wZGbSFwsYGVdOUy5kYXRhTxECLgAAAAACLgACAAAMTWFjaW50b3NoIEhEAAAAAAAAAAAAAAAAAAAAykEGDEgrAAAD63WbEDE1MDcuMDEwMzN2Mi5wZGYAAAAAAAAAAAAAAAAAAAAAAAAAAAAAAAAAAAAAAAAAAAAAAAAAAAAAAAAAAAAAAAPssZzStWwkAAAAAAAAAAAAAgAGAAAJIAAAAAAAAAAAAAAAAAAAAAREb2NzABAACAAAykDp7AAAABEACAAA0rVeFAAAAAEALAPrdZsD63WaA6QEjgNqqEwCV5hrAiH5LwIh+RAAkMIpAAUCFQAFAhQAAL7sAAIAgk1hY2ludG9zaCBIRDpVc2VyczoASnVzdGU6AERvY3VtZW50czoAQ29tcGxleFN5c3RlbXM6AENpdHlOZXR3b3JrOgBEb2NzOgBQYXBlcnM6AFJvY2hlYnJ1bmU6AFBhcGVyOgBiaWJsaW86AERvY3M6ADE1MDcuMDEwMzN2Mi5wZGYADgAiABAAMQA1ADAANwAuADAAMQAwADMAMwB2ADIALgBwAGQAZgAPABoADABNAGEAYwBpAG4AdABvAHMAaAAgAEgARAASAGpVc2Vycy9KdXN0ZS9Eb2N1bWVudHMvQ29tcGxleFN5c3RlbXMvQ2l0eU5ldHdvcmsvRG9jcy9QYXBlcnMvUm9jaGVicnVuZS9QYXBlci9iaWJsaW8vRG9jcy8xNTA3LjAxMDMzdjIucGRmABMAAS8AABUAAgAM//8AAIAG0hscHR5aJGNsYXNzbmFtZVgkY2xhc3Nlc11OU011dGFibGVEYXRhox0fIFZOU0RhdGFYTlNPYmplY3TSGxwiI1xOU0RpY3Rpb25hcnmiIiBfEA9OU0tleWVkQXJjaGl2ZXLRJidUcm9vdIABAAgAEQAaACMALQAyADcAQABGAE0AVQBgAGcAagBsAG4AcQBzAHUAdwCEAI4AywDQANgDCgMMAxEDHAMlAzMDNwM+A0cDTANZA1wDbgNxA3YAAAAAAAACAQAAAAAAAAAoAAAAAAAAAAAAAAAAAAADeA==}}

@article{abadie2010synthetic,
	Author = {Abadie, Alberto and Diamond, Alexis and Hainmueller, Jens},
	Date-Added = {2016-01-20 14:31:49 +0000},
	Date-Modified = {2016-01-20 14:31:49 +0000},
	Journal = {Journal of the American Statistical Association},
	Number = {490},
	Title = {Synthetic control methods for comparative case studies: Estimating the effect of California's tobacco control program},
	Volume = {105},
	Year = {2010},
	Bdsk-File-1 = {YnBsaXN0MDDUAQIDBAUGJCVYJHZlcnNpb25YJG9iamVjdHNZJGFyY2hpdmVyVCR0b3ASAAGGoKgHCBMUFRYaIVUkbnVsbNMJCgsMDxJXTlMua2V5c1pOUy5vYmplY3RzViRjbGFzc6INDoACgAOiEBGABIAFgAdccmVsYXRpdmVQYXRoWWFsaWFzRGF0YV8QSS4uLy4uL1BhcGVycy9Sb2NoZWJydW5lL1BhcGVyL2JpYmxpby9Eb2NzL1RoZXJhcGV1dGljRXZhbHVhdGlvbl81OTQ0Ny5wZGbSFwsYGVdOUy5kYXRhTxECbAAAAAACbAACAAAMTWFjaW50b3NoIEhEAAAAAAAAAAAAAAAAAAAAykEGDEgrAAAD63WbH1RoZXJhcGV1dGljRXZhbHVhdGlvbl81OTQ0Ny5wZGYAAAAAAAAAAAAAAAAAAAAAAAAAAAAAAAAAAAAAAAAAAAPrdVzSs/OyAAAAAAAAAAAAAgAGAAAJIAAAAAAAAAAAAAAAAAAAAAREb2NzABAACAAAykDp7AAAABEACAAA0rPlogAAAAEALAPrdZsD63WaA6QEjgNqqEwCV5hrAiH5LwIh+RAAkMIpAAUCFQAFAhQAAL7sAAIAkU1hY2ludG9zaCBIRDpVc2VyczoASnVzdGU6AERvY3VtZW50czoAQ29tcGxleFN5c3RlbXM6AENpdHlOZXR3b3JrOgBEb2NzOgBQYXBlcnM6AFJvY2hlYnJ1bmU6AFBhcGVyOgBiaWJsaW86AERvY3M6AFRoZXJhcGV1dGljRXZhbHVhdGlvbl81OTQ0Ny5wZGYAAA4AQAAfAFQAaABlAHIAYQBwAGUAdQB0AGkAYwBFAHYAYQBsAHUAYQB0AGkAbwBuAF8ANQA5ADQANAA3AC4AcABkAGYADwAaAAwATQBhAGMAaQBuAHQAbwBzAGgAIABIAEQAEgB5VXNlcnMvSnVzdGUvRG9jdW1lbnRzL0NvbXBsZXhTeXN0ZW1zL0NpdHlOZXR3b3JrL0RvY3MvUGFwZXJzL1JvY2hlYnJ1bmUvUGFwZXIvYmlibGlvL0RvY3MvVGhlcmFwZXV0aWNFdmFsdWF0aW9uXzU5NDQ3LnBkZgAAEwABLwAAFQACAAz//wAAgAbSGxwdHlokY2xhc3NuYW1lWCRjbGFzc2VzXU5TTXV0YWJsZURhdGGjHR8gVk5TRGF0YVhOU09iamVjdNIbHCIjXE5TRGljdGlvbmFyeaIiIF8QD05TS2V5ZWRBcmNoaXZlctEmJ1Ryb290gAEACAARABoAIwAtADIANwBAAEYATQBVAGAAZwBqAGwAbgBxAHMAdQB3AIQAjgDaAN8A5wNXA1kDXgNpA3IDgAOEA4sDlAOZA6YDqQO7A74DwwAAAAAAAAIBAAAAAAAAACgAAAAAAAAAAAAAAAAAAAPF}}

@incollection{banos2012towards,
	Author = {Banos, Arnaud and Genre-Grandpierre, Cyrille},
	Booktitle = {Agent-based models of geographical systems},
	Date-Added = {2016-01-20 14:31:49 +0000},
	Date-Modified = {2016-01-20 14:31:49 +0000},
	Pages = {627--641},
	Publisher = {Springer},
	Title = {Towards new metrics for urban road networks: Some preliminary evidence from agent-based simulations},
	Year = {2012}}

@article{barndorff2011multivariate,
	Author = {Barndorff-Nielsen, Ole E and Hansen, Peter Reinhard and Lunde, Asger and Shephard, Neil},
	Date-Added = {2016-01-20 14:31:49 +0000},
	Date-Modified = {2016-01-20 14:31:49 +0000},
	Journal = {Journal of Econometrics},
	Pages = {149--169},
	Publisher = {Elsevier},
	Title = {Multivariate realised kernels: consistent positive semi-definite estimators of the covariation of equity prices with noise and non-synchronous trading},
	Volume = {162},
	Year = {2011}}

@article{bolon2013review,
	Author = {Bol{\'o}n-Canedo, Ver{\'o}nica and S{\'a}nchez-Maro{\~n}o, Noelia and Alonso-Betanzos, Amparo},
	Date-Added = {2016-01-20 14:31:49 +0000},
	Date-Modified = {2016-01-20 14:31:49 +0000},
	Journal = {Knowledge and information systems},
	Number = {3},
	Pages = {483--519},
	Publisher = {Springer},
	Title = {A review of feature selection methods on synthetic data},
	Volume = {34},
	Year = {2013}}

@article{bouchaud2000apparent,
	Author = {Bouchaud, J-P and Potters, Marc and Meyer, Martin},
	Date-Added = {2016-01-20 14:31:49 +0000},
	Date-Modified = {2016-01-20 14:31:49 +0000},
	Journal = {The European Physical Journal B-Condensed Matter and Complex Systems},
	Number = {3},
	Pages = {595--599},
	Publisher = {Springer},
	Title = {Apparent multifractality in financial time series},
	Volume = {13},
	Year = {2000},
	Bdsk-File-1 = {YnBsaXN0MDDUAQIDBAUGJCVYJHZlcnNpb25YJG9iamVjdHNZJGFyY2hpdmVyVCR0b3ASAAGGoKgHCBMUFRYaIVUkbnVsbNMJCgsMDxJXTlMua2V5c1pOUy5vYmplY3RzViRjbGFzc6INDoACgAOiEBGABIAFgAdccmVsYXRpdmVQYXRoWWFsaWFzRGF0YV8QTS4uLy4uL1BhcGVycy9Sb2NoZWJydW5lL1BhcGVyL2JpYmxpby9Eb2NzL0JvdWNoYXVkTXVsdGlmcmFjdGFsaXR5Xzk5MDYzNDcucGRm0hcLGBlXTlMuZGF0YU8RAngAAAAAAngAAgAADE1hY2ludG9zaCBIRAAAAAAAAAAAAAAAAAAAAMpBBgxIKwAAA+t1mx9Cb3VjaGF1ZE11bHRpZnJhY3RhIzNGNURDRkMucGRmAAAAAAAAAAAAAAAAAAAAAAAAAAAAAAAAAAAAAAAAAAAD9dz80rqSbAAAAAAAAAAAAAIABgAACSAAAAAAAAAAAAAAAAAAAAAERG9jcwAQAAgAAMpA6ewAAAARAAgAANK6hFwAAAABACwD63WbA+t1mgOkBI4DaqhMAleYawIh+S8CIfkQAJDCKQAFAhUABQIUAAC+7AACAJFNYWNpbnRvc2ggSEQ6VXNlcnM6AEp1c3RlOgBEb2N1bWVudHM6AENvbXBsZXhTeXN0ZW1zOgBDaXR5TmV0d29yazoARG9jczoAUGFwZXJzOgBSb2NoZWJydW5lOgBQYXBlcjoAYmlibGlvOgBEb2NzOgBCb3VjaGF1ZE11bHRpZnJhY3RhIzNGNURDRkMucGRmAAAOAEgAIwBCAG8AdQBjAGgAYQB1AGQATQB1AGwAdABpAGYAcgBhAGMAdABhAGwAaQB0AHkAXwA5ADkAMAA2ADMANAA3AC4AcABkAGYADwAaAAwATQBhAGMAaQBuAHQAbwBzAGgAIABIAEQAEgB9VXNlcnMvSnVzdGUvRG9jdW1lbnRzL0NvbXBsZXhTeXN0ZW1zL0NpdHlOZXR3b3JrL0RvY3MvUGFwZXJzL1JvY2hlYnJ1bmUvUGFwZXIvYmlibGlvL0RvY3MvQm91Y2hhdWRNdWx0aWZyYWN0YWxpdHlfOTkwNjM0Ny5wZGYAABMAAS8AABUAAgAM//8AAIAG0hscHR5aJGNsYXNzbmFtZVgkY2xhc3Nlc11OU011dGFibGVEYXRhox0fIFZOU0RhdGFYTlNPYmplY3TSGxwiI1xOU0RpY3Rpb25hcnmiIiBfEA9OU0tleWVkQXJjaGl2ZXLRJidUcm9vdIABAAgAEQAaACMALQAyADcAQABGAE0AVQBgAGcAagBsAG4AcQBzAHUAdwCEAI4A3gDjAOsDZwNpA24DeQOCA5ADlAObA6QDqQO2A7kDywPOA9MAAAAAAAACAQAAAAAAAAAoAAAAAAAAAAAAAAAAAAAD1Q==}}

@article{brunsdon1998geographically,
	Author = {Brunsdon, Chris and Fotheringham, Stewart and Charlton, Martin},
	Date-Added = {2016-01-20 14:31:49 +0000},
	Date-Modified = {2016-01-20 14:31:49 +0000},
	Journal = {Journal of the Royal Statistical Society: Series D (The Statistician)},
	Number = {3},
	Pages = {431--443},
	Publisher = {Wiley Online Library},
	Title = {Geographically weighted regression},
	Volume = {47},
	Year = {1998}}

@article{chicheportiche2013nested,
	Author = {Chicheportiche, R{\'e}my and Bouchaud, Jean-Philippe},
	Date-Added = {2016-01-20 14:31:49 +0000},
	Date-Modified = {2016-01-20 14:31:49 +0000},
	Journal = {arXiv preprint arXiv:1309.3102},
	Title = {A nested factor model for non-linear dependences in stock returns},
	Year = {2013},
	Bdsk-File-1 = {YnBsaXN0MDDUAQIDBAUGJCVYJHZlcnNpb25YJG9iamVjdHNZJGFyY2hpdmVyVCR0b3ASAAGGoKgHCBMUFRYaIVUkbnVsbNMJCgsMDxJXTlMua2V5c1pOUy5vYmplY3RzViRjbGFzc6INDoACgAOiEBGABIAFgAdccmVsYXRpdmVQYXRoWWFsaWFzRGF0YV8QSS4uLy4uL1BhcGVycy9Sb2NoZWJydW5lL1BhcGVyL2JpYmxpby9Eb2NzL05lc3RlZEZhY3Rvck1vZGVsXzEzMDkuMzEwMi5wZGbSFwsYGVdOUy5kYXRhTxECbAAAAAACbAACAAAMTWFjaW50b3NoIEhEAAAAAAAAAAAAAAAAAAAAykEGDEgrAAAD63WbH05lc3RlZEZhY3Rvck1vZGVsXzEzMDkuMzEwMi5wZGYAAAAAAAAAAAAAAAAAAAAAAAAAAAAAAAAAAAAAAAAAAAP4h8/SvZu5AAAAAAAAAAAAAgAGAAAJIAAAAAAAAAAAAAAAAAAAAAREb2NzABAACAAAykDp7AAAABEACAAA0r2NqQAAAAEALAPrdZsD63WaA6QEjgNqqEwCV5hrAiH5LwIh+RAAkMIpAAUCFQAFAhQAAL7sAAIAkU1hY2ludG9zaCBIRDpVc2VyczoASnVzdGU6AERvY3VtZW50czoAQ29tcGxleFN5c3RlbXM6AENpdHlOZXR3b3JrOgBEb2NzOgBQYXBlcnM6AFJvY2hlYnJ1bmU6AFBhcGVyOgBiaWJsaW86AERvY3M6AE5lc3RlZEZhY3Rvck1vZGVsXzEzMDkuMzEwMi5wZGYAAA4AQAAfAE4AZQBzAHQAZQBkAEYAYQBjAHQAbwByAE0AbwBkAGUAbABfADEAMwAwADkALgAzADEAMAAyAC4AcABkAGYADwAaAAwATQBhAGMAaQBuAHQAbwBzAGgAIABIAEQAEgB5VXNlcnMvSnVzdGUvRG9jdW1lbnRzL0NvbXBsZXhTeXN0ZW1zL0NpdHlOZXR3b3JrL0RvY3MvUGFwZXJzL1JvY2hlYnJ1bmUvUGFwZXIvYmlibGlvL0RvY3MvTmVzdGVkRmFjdG9yTW9kZWxfMTMwOS4zMTAyLnBkZgAAEwABLwAAFQACAAz//wAAgAbSGxwdHlokY2xhc3NuYW1lWCRjbGFzc2VzXU5TTXV0YWJsZURhdGGjHR8gVk5TRGF0YVhOU09iamVjdNIbHCIjXE5TRGljdGlvbmFyeaIiIF8QD05TS2V5ZWRBcmNoaXZlctEmJ1Ryb290gAEACAARABoAIwAtADIANwBAAEYATQBVAGAAZwBqAGwAbgBxAHMAdQB3AIQAjgDaAN8A5wNXA1kDXgNpA3IDgAOEA4sDlAOZA6YDqQO7A74DwwAAAAAAAAIBAAAAAAAAACgAAAAAAAAAAAAAAAAAAAPF}}

@article{garrow2010generation,
	Author = {Garrow, Laurie A and Bodea, Tudor D and Lee, Misuk},
	Date-Added = {2016-01-20 14:31:49 +0000},
	Date-Modified = {2016-01-20 14:31:49 +0000},
	Journal = {Transportation},
	Number = {2},
	Pages = {183--202},
	Publisher = {Springer},
	Title = {Generation of synthetic datasets for discrete choice analysis},
	Volume = {37},
	Year = {2010},
	Bdsk-File-1 = {YnBsaXN0MDDUAQIDBAUGJCVYJHZlcnNpb25YJG9iamVjdHNZJGFyY2hpdmVyVCR0b3ASAAGGoKgHCBMUFRYaIVUkbnVsbNMJCgsMDxJXTlMua2V5c1pOUy5vYmplY3RzViRjbGFzc6INDoACgAOiEBGABIAFgAdccmVsYXRpdmVQYXRoWWFsaWFzRGF0YV8QTy4uLy4uL1BhcGVycy9Sb2NoZWJydW5lL1BhcGVyL2JpYmxpby9Eb2NzL2FydCUzQTEwLjEwMDclMkZzMTExMTYtMDA5LTkyMjgtNi5wZGbSFwsYGVdOUy5kYXRhTxECfgAAAAACfgACAAAMTWFjaW50b3NoIEhEAAAAAAAAAAAAAAAAAAAAykEGDEgrAAAD63WbH2FydCUzQTEwLjEwMDclMkZzMTEjM0VCRDBFNy5wZGYAAAAAAAAAAAAAAAAAAAAAAAAAAAAAAAAAAAAAAAAAAAPr0OfStATkAAAAAAAAAAAAAgAGAAAJIAAAAAAAAAAAAAAAAAAAAAREb2NzABAACAAAykDp7AAAABEACAAA0rP21AAAAAEALAPrdZsD63WaA6QEjgNqqEwCV5hrAiH5LwIh+RAAkMIpAAUCFQAFAhQAAL7sAAIAkU1hY2ludG9zaCBIRDpVc2VyczoASnVzdGU6AERvY3VtZW50czoAQ29tcGxleFN5c3RlbXM6AENpdHlOZXR3b3JrOgBEb2NzOgBQYXBlcnM6AFJvY2hlYnJ1bmU6AFBhcGVyOgBiaWJsaW86AERvY3M6AGFydCUzQTEwLjEwMDclMkZzMTEjM0VCRDBFNy5wZGYAAA4ATAAlAGEAcgB0ACUAMwBBADEAMAAuADEAMAAwADcAJQAyAEYAcwAxADEAMQAxADYALQAwADAAOQAtADkAMgAyADgALQA2AC4AcABkAGYADwAaAAwATQBhAGMAaQBuAHQAbwBzAGgAIABIAEQAEgB/VXNlcnMvSnVzdGUvRG9jdW1lbnRzL0NvbXBsZXhTeXN0ZW1zL0NpdHlOZXR3b3JrL0RvY3MvUGFwZXJzL1JvY2hlYnJ1bmUvUGFwZXIvYmlibGlvL0RvY3MvYXJ0JTNBMTAuMTAwNyUyRnMxMTExNi0wMDktOTIyOC02LnBkZgAAEwABLwAAFQACAAz//wAAgAbSGxwdHlokY2xhc3NuYW1lWCRjbGFzc2VzXU5TTXV0YWJsZURhdGGjHR8gVk5TRGF0YVhOU09iamVjdNIbHCIjXE5TRGljdGlvbmFyeaIiIF8QD05TS2V5ZWRBcmNoaXZlctEmJ1Ryb290gAEACAARABoAIwAtADIANwBAAEYATQBVAGAAZwBqAGwAbgBxAHMAdQB3AIQAjgDgAOUA7QNvA3EDdgOBA4oDmAOcA6MDrAOxA74DwQPTA9YD2wAAAAAAAAIBAAAAAAAAACgAAAAAAAAAAAAAAAAAAAPd}}

@book{gell1995quark,
	Author = {Gell-Mann, Murray},
	Date-Added = {2016-01-20 14:31:49 +0000},
	Date-Modified = {2016-01-20 14:31:49 +0000},
	Publisher = {Macmillan},
	Title = {The Quark and the Jaguar: Adventures in the Simple and the Complex},
	Year = {1995}}

@article{girres2010quality,
	Author = {Girres, Jean-Fran{\c{c}}ois and Touya, Guillaume},
	Date-Added = {2016-01-20 14:31:49 +0000},
	Date-Modified = {2016-01-20 14:31:49 +0000},
	Journal = {Transactions in GIS},
	Number = {4},
	Pages = {435--459},
	Publisher = {Wiley Online Library},
	Title = {Quality assessment of the French OpenStreetMap dataset},
	Volume = {14},
	Year = {2010}}

@article{jarrow1999honor,
	Author = {Jarrow, Robert A},
	Date-Added = {2016-01-20 14:31:49 +0000},
	Date-Modified = {2016-01-20 14:31:49 +0000},
	Journal = {The Journal of Economic Perspectives},
	Pages = {229--248},
	Publisher = {JSTOR},
	Title = {In Honor of the Nobel Laureates Robert C. Merton and Myron S. Scholes: A Partial Differential Equation that Changed the World},
	Year = {1999}}

@book{mantegna2000introduction,
	Author = {Mantegna, Rosario Nunzio and Stanley, Harry Eugene and others},
	Date-Added = {2016-01-20 14:31:49 +0000},
	Date-Modified = {2016-01-20 14:31:49 +0000},
	Publisher = {Cambridge university press Cambridge},
	Reading = {FP},
	Title = {An introduction to econophysics: correlations and complexity in finance},
	Usage = {SSB},
	Volume = {9},
	Year = {2000}}

@inproceedings{moeckel2003creating,
	Author = {Moeckel, Rolf and Spiekermann, Klaus and Wegener, Michael},
	Booktitle = {Proceedings of the 8th International Conference on Computers in Urban Planning and Urban Management (CUPUM)},
	Date-Added = {2016-01-20 14:31:49 +0000},
	Date-Modified = {2016-01-20 14:31:49 +0000},
	Title = {Creating a synthetic population},
	Year = {2003}}

@article{newman2003structure,
	Author = {Newman, Mark EJ},
	Date-Added = {2016-01-20 14:31:49 +0000},
	Date-Modified = {2016-01-20 14:31:49 +0000},
	Journal = {SIAM review},
	Number = {2},
	Pages = {167--256},
	Publisher = {SIAM},
	Title = {The structure and function of complex networks},
	Volume = {45},
	Year = {2003}}

@article{offner1996reseaux,
	Author = {Offner, Jean-Marc and Pumain, Denise},
	Date-Added = {2016-01-20 14:31:49 +0000},
	Date-Modified = {2016-01-20 14:31:49 +0000},
	Publisher = {Editions de l'Aube},
	Title = {R{\'e}seaux et territoires-significations crois{\'e}es},
	Year = {1996}}

@article{pigozzi1980interurban,
	Author = {Pigozzi, Bruce Wm},
	Date-Added = {2016-01-20 14:31:49 +0000},
	Date-Modified = {2016-01-20 14:31:49 +0000},
	Journal = {Geographical Analysis},
	Number = {4},
	Pages = {340--352},
	Publisher = {Wiley Online Library},
	Title = {Interurban linkages through polynomially constrained distributed lags},
	Volume = {12},
	Year = {1980}}

@article{potiron2015estimation,
	Author = {Potiron, Yoann and Mykland, Per},
	Date-Added = {2016-01-20 14:31:49 +0000},
	Date-Modified = {2016-01-20 14:31:49 +0000},
	Journal = {arXiv preprint arXiv:1507.01033},
	Title = {Estimation of integrated quadratic covariation between two assets with endogenous sampling times},
	Year = {2015},
	Bdsk-File-1 = {YnBsaXN0MDDUAQIDBAUGJCVYJHZlcnNpb25YJG9iamVjdHNZJGFyY2hpdmVyVCR0b3ASAAGGoKgHCBMUFRYaIVUkbnVsbNMJCgsMDxJXTlMua2V5c1pOUy5vYmplY3RzViRjbGFzc6INDoACgAOiEBGABIAFgAdccmVsYXRpdmVQYXRoWWFsaWFzRGF0YV8QOi4uLy4uL1BhcGVycy9Sb2NoZWJydW5lL1BhcGVyL2JpYmxpby9Eb2NzLzE1MDcuMDEwMzN2Mi5wZGbSFwsYGVdOUy5kYXRhTxECLgAAAAACLgACAAAMTWFjaW50b3NoIEhEAAAAAAAAAAAAAAAAAAAAykEGDEgrAAAD63WbEDE1MDcuMDEwMzN2Mi5wZGYAAAAAAAAAAAAAAAAAAAAAAAAAAAAAAAAAAAAAAAAAAAAAAAAAAAAAAAAAAAAAAAPssZzStWwkAAAAAAAAAAAAAgAGAAAJIAAAAAAAAAAAAAAAAAAAAAREb2NzABAACAAAykDp7AAAABEACAAA0rVeFAAAAAEALAPrdZsD63WaA6QEjgNqqEwCV5hrAiH5LwIh+RAAkMIpAAUCFQAFAhQAAL7sAAIAgk1hY2ludG9zaCBIRDpVc2VyczoASnVzdGU6AERvY3VtZW50czoAQ29tcGxleFN5c3RlbXM6AENpdHlOZXR3b3JrOgBEb2NzOgBQYXBlcnM6AFJvY2hlYnJ1bmU6AFBhcGVyOgBiaWJsaW86AERvY3M6ADE1MDcuMDEwMzN2Mi5wZGYADgAiABAAMQA1ADAANwAuADAAMQAwADMAMwB2ADIALgBwAGQAZgAPABoADABNAGEAYwBpAG4AdABvAHMAaAAgAEgARAASAGpVc2Vycy9KdXN0ZS9Eb2N1bWVudHMvQ29tcGxleFN5c3RlbXMvQ2l0eU5ldHdvcmsvRG9jcy9QYXBlcnMvUm9jaGVicnVuZS9QYXBlci9iaWJsaW8vRG9jcy8xNTA3LjAxMDMzdjIucGRmABMAAS8AABUAAgAM//8AAIAG0hscHR5aJGNsYXNzbmFtZVgkY2xhc3Nlc11OU011dGFibGVEYXRhox0fIFZOU0RhdGFYTlNPYmplY3TSGxwiI1xOU0RpY3Rpb25hcnmiIiBfEA9OU0tleWVkQXJjaGl2ZXLRJidUcm9vdIABAAgAEQAaACMALQAyADcAQABGAE0AVQBgAGcAagBsAG4AcQBzAHUAdwCEAI4AywDQANgDCgMMAxEDHAMlAzMDNwM+A0cDTANZA1wDbgNxA3YAAAAAAAACAQAAAAAAAAAoAAAAAAAAAAAAAAAAAAADeA==}}

@article{potiron2016estimating,
	Author = {{Potiron}, Y.},
	Date-Added = {2016-01-20 14:31:49 +0000},
	Date-Modified = {2016-01-20 14:31:49 +0000},
	Journal = {Working Paper},
	Title = {Estimating the integrated parameter of the locally parametric model in high-frequency data.},
	Year = {2016}}

@inproceedings{pritchard2009advances,
	Author = {Pritchard, David R and Miller, Eric J},
	Booktitle = {Transportation Research Board 88th Annual Meeting},
	Date-Added = {2016-01-20 14:31:49 +0000},
	Date-Modified = {2016-01-20 14:31:49 +0000},
	Number = {09-1686},
	Title = {Advances in agent population synthesis and application in an integrated land use and transportation model},
	Year = {2009}}

@incollection{pumain2012urban,
	Author = {Pumain, Denise},
	Booktitle = {Complexity Theories of Cities Have Come of Age},
	Date-Added = {2016-01-20 14:31:49 +0000},
	Date-Modified = {2016-01-20 14:31:49 +0000},
	Pages = {91--103},
	Publisher = {Springer},
	Title = {Urban systems dynamics, urban growth and scaling laws: The question of ergodicity},
	Year = {2012},
	Bdsk-File-1 = {YnBsaXN0MDDUAQIDBAUGJCVYJHZlcnNpb25YJG9iamVjdHNZJGFyY2hpdmVyVCR0b3ASAAGGoKgHCBMUFRYaIVUkbnVsbNMJCgsMDxJXTlMua2V5c1pOUy5vYmplY3RzViRjbGFzc6INDoACgAOiEBGABIAFgAdccmVsYXRpdmVQYXRoWWFsaWFzRGF0YV8QYi4uLy4uL1BhcGVycy9Sb2NoZWJydW5lL1BhcGVyL2JpYmxpby9Eb2NzL0VyZ29kaWNpdHlQdW1haW5fY2hwJTNBMTAuMTAwNyUyRjk3OC0zLTY0Mi0yNDU0NC0yXzYucGRm0hcLGBlXTlMuZGF0YU8RArYAAAAAArYAAgAADE1hY2ludG9zaCBIRAAAAAAAAAAAAAAAAAAAAMpBBgxIKwAAA+t1mx9FcmdvZGljaXR5UHVtYWluX2NoIzNGODhBOUIucGRmAAAAAAAAAAAAAAAAAAAAAAAAAAAAAAAAAAAAAAAAAAAD+Iqb0r2esAAAAAAAAAAAAAIABgAACSAAAAAAAAAAAAAAAAAAAAAERG9jcwAQAAgAAMpA6ewAAAARAAgAANK9kKAAAAABACwD63WbA+t1mgOkBI4DaqhMAleYawIh+S8CIfkQAJDCKQAFAhUABQIUAAC+7AACAJFNYWNpbnRvc2ggSEQ6VXNlcnM6AEp1c3RlOgBEb2N1bWVudHM6AENvbXBsZXhTeXN0ZW1zOgBDaXR5TmV0d29yazoARG9jczoAUGFwZXJzOgBSb2NoZWJydW5lOgBQYXBlcjoAYmlibGlvOgBEb2NzOgBFcmdvZGljaXR5UHVtYWluX2NoIzNGODhBOUIucGRmAAAOAHIAOABFAHIAZwBvAGQAaQBjAGkAdAB5AFAAdQBtAGEAaQBuAF8AYwBoAHAAJQAzAEEAMQAwAC4AMQAwADAANwAlADIARgA5ADcAOAAtADMALQA2ADQAMgAtADIANAA1ADQANAAtADIAXwA2AC4AcABkAGYADwAaAAwATQBhAGMAaQBuAHQAbwBzAGgAIABIAEQAEgCSVXNlcnMvSnVzdGUvRG9jdW1lbnRzL0NvbXBsZXhTeXN0ZW1zL0NpdHlOZXR3b3JrL0RvY3MvUGFwZXJzL1JvY2hlYnJ1bmUvUGFwZXIvYmlibGlvL0RvY3MvRXJnb2RpY2l0eVB1bWFpbl9jaHAlM0ExMC4xMDA3JTJGOTc4LTMtNjQyLTI0NTQ0LTJfNi5wZGYAEwABLwAAFQACAAz//wAAgAbSGxwdHlokY2xhc3NuYW1lWCRjbGFzc2VzXU5TTXV0YWJsZURhdGGjHR8gVk5TRGF0YVhOU09iamVjdNIbHCIjXE5TRGljdGlvbmFyeaIiIF8QD05TS2V5ZWRBcmNoaXZlctEmJ1Ryb290gAEACAARABoAIwAtADIANwBAAEYATQBVAGAAZwBqAGwAbgBxAHMAdQB3AIQAjgDzAPgBAAO6A7wDwQPMA9UD4wPnA+4D9wP8BAkEDAQeBCEEJgAAAAAAAAIBAAAAAAAAACgAAAAAAAAAAAAAAAAAAAQo}}

@article{raimbault2016calibration,
	Author = {J. Raimbault},
	Date-Added = {2016-01-20 14:31:49 +0000},
	Date-Modified = {2016-01-20 14:31:49 +0000},
	Journal = {Working Paper, draft at https://github.com/JusteRaimbault/CityNetwork/tree/master/Docs/Papers/Density},
	Title = {Calibration of a Spatialized Urban Growth Model},
	Year = {2016}}

@article{ramsey2002wavelets,
	Author = {Ramsey, James B},
	Date-Added = {2016-01-20 14:31:49 +0000},
	Date-Modified = {2016-01-20 14:31:49 +0000},
	Journal = {Studies in Nonlinear Dynamics \& Econometrics},
	Title = {Wavelets in economics and finance: Past and future},
	Volume = {6},
	Year = {2002}}

@article{sanders1997simpop,
	Author = {Sanders, Lena and Pumain, Denise and Mathian, H{\'e}lene and Gu{\'e}rin-Pace, France and Bura, Stephane},
	Date-Added = {2016-01-20 14:31:49 +0000},
	Date-Modified = {2016-01-20 14:31:49 +0000},
	Journal = {Environment and Planning B},
	Pages = {287--306},
	Publisher = {Pion Ltd},
	Title = {SIMPOP: a multiagent system for the study of urbanism},
	Volume = {24},
	Year = {1997}}

@phdthesis{schmitt2014modelisation,
	Author = {Schmitt, Clara},
	Date-Added = {2016-01-20 14:31:49 +0000},
	Date-Modified = {2016-01-20 14:31:49 +0000},
	School = {Paris 1},
	Title = {Mod{\'e}lisation de la dynamique des syst{\`e}mes de peuplement: de SimpopLocal {\`a} SimpopNet.},
	Year = {2014}}

@manual{Tsay:2015xy,
	Author = {Ruey S. Tsay},
	Date-Added = {2016-01-20 14:31:49 +0000},
	Date-Modified = {2016-01-20 14:31:49 +0000},
	Note = {R package version 0.33},
	Title = {MTS: All-Purpose Toolkit for Analyzing Multivariate Time Series (MTS) and Estimating Multivariate Volatility Models},
	Url = {http://CRAN.R-project.org/package=MTS},
	Year = {2015},
	Bdsk-Url-1 = {http://CRAN.R-project.org/package=MTS}}

@article{tumminello2005tool,
	Author = {Tumminello, Michele and Aste, Tomaso and Di Matteo, Tiziana and Mantegna, Rosario N},
	Date-Added = {2016-01-20 14:31:49 +0000},
	Date-Modified = {2016-01-20 14:31:49 +0000},
	Journal = {Proceedings of the National Academy of Sciences of the United States of America},
	Pages = {10421--10426},
	Publisher = {National Acad Sciences},
	Title = {A tool for filtering information in complex systems},
	Volume = {102},
	Year = {2005}}

@article{van2006syntren,
	Author = {Van den Bulcke, Tim and Van Leemput, Koenraad and Naudts, Bart and van Remortel, Piet and Ma, Hongwu and Verschoren, Alain and De Moor, Bart and Marchal, Kathleen},
	Date-Added = {2016-01-20 14:31:49 +0000},
	Date-Modified = {2016-01-20 14:31:49 +0000},
	Journal = {BMC bioinformatics},
	Number = {1},
	Pages = {43},
	Publisher = {BioMed Central Ltd},
	Title = {SynTReN: a generator of synthetic gene expression data for design and analysis of structure learning algorithms},
	Volume = {7},
	Year = {2006},
	Bdsk-File-1 = {YnBsaXN0MDDUAQIDBAUGJCVYJHZlcnNpb25YJG9iamVjdHNZJGFyY2hpdmVyVCR0b3ASAAGGoKgHCBMUFRYaIVUkbnVsbNMJCgsMDxJXTlMua2V5c1pOUy5vYmplY3RzViRjbGFzc6INDoACgAOiEBGABIAFgAdccmVsYXRpdmVQYXRoWWFsaWFzRGF0YV8QaS4uLy4uL1BhcGVycy9Sb2NoZWJydW5lL1BhcGVyL2JpYmxpby9Eb2NzL0dlbmVFeHByZXNzaW9uQmlvSW5mb3JtYXRpY3NfYXJ0JTNBMTAuMTE4NiUyRjE0NzEtMjEwNS03LTQzLnBkZtIXCxgZV05TLmRhdGFPEQLMAAAAAALMAAIAAAxNYWNpbnRvc2ggSEQAAAAAAAAAAAAAAAAAAADKQQYMSCsAAAPrdZsfR2VuZUV4cHJlc3Npb25CaW9JbiMzRUJENEY2LnBkZgAAAAAAAAAAAAAAAAAAAAAAAAAAAAAAAAAAAAAAAAAAA+vU9tK0JvsAAAAAAAAAAAACAAYAAAkgAAAAAAAAAAAAAAAAAAAABERvY3MAEAAIAADKQOnsAAAAEQAIAADStBjrAAAAAQAsA+t1mwPrdZoDpASOA2qoTAJXmGsCIfkvAiH5EACQwikABQIVAAUCFAAAvuwAAgCRTWFjaW50b3NoIEhEOlVzZXJzOgBKdXN0ZToARG9jdW1lbnRzOgBDb21wbGV4U3lzdGVtczoAQ2l0eU5ldHdvcms6AERvY3M6AFBhcGVyczoAUm9jaGVicnVuZToAUGFwZXI6AGJpYmxpbzoARG9jczoAR2VuZUV4cHJlc3Npb25CaW9JbiMzRUJENEY2LnBkZgAADgCAAD8ARwBlAG4AZQBFAHgAcAByAGUAcwBzAGkAbwBuAEIAaQBvAEkAbgBmAG8AcgBtAGEAdABpAGMAcwBfAGEAcgB0ACUAMwBBADEAMAAuADEAMQA4ADYAJQAyAEYAMQA0ADcAMQAtADIAMQAwADUALQA3AC0ANAAzAC4AcABkAGYADwAaAAwATQBhAGMAaQBuAHQAbwBzAGgAIABIAEQAEgCZVXNlcnMvSnVzdGUvRG9jdW1lbnRzL0NvbXBsZXhTeXN0ZW1zL0NpdHlOZXR3b3JrL0RvY3MvUGFwZXJzL1JvY2hlYnJ1bmUvUGFwZXIvYmlibGlvL0RvY3MvR2VuZUV4cHJlc3Npb25CaW9JbmZvcm1hdGljc19hcnQlM0ExMC4xMTg2JTJGMTQ3MS0yMTA1LTctNDMucGRmAAATAAEvAAAVAAIADP//AACABtIbHB0eWiRjbGFzc25hbWVYJGNsYXNzZXNdTlNNdXRhYmxlRGF0YaMdHyBWTlNEYXRhWE5TT2JqZWN00hscIiNcTlNEaWN0aW9uYXJ5oiIgXxAPTlNLZXllZEFyY2hpdmVy0SYnVHJvb3SAAQAIABEAGgAjAC0AMgA3AEAARgBNAFUAYABnAGoAbABuAHEAcwB1AHcAhACOAPoA/wEHA9cD2QPeA+kD8gQABAQECwQUBBkEJgQpBDsEPgRDAAAAAAAAAgEAAAAAAAAAKAAAAAAAAAAAAAAAAAAABEU=}}

@article{ye2011investigation,
	Author = {Ye, Xin},
	Date-Added = {2016-01-20 14:31:49 +0000},
	Date-Modified = {2016-01-20 14:31:49 +0000},
	Journal = {Transportation Research Record: Journal of the Transportation Research Board},
	Number = {2254},
	Pages = {36--43},
	Publisher = {Transportation Research Board of the National Academies},
	Title = {Investigation of Underlying Distributional Assumption in Nested Logit Model Using Copula-Based Simulation and Numerical Approximation},
	Year = {2011}}

@incollection{raimbault2015user,
	Author = {Raimbault, Juste},
	Booktitle = {Complex Systems Design \& Management},
	Date-Added = {2016-01-19 14:38:45 +0000},
	Date-Modified = {2016-01-19 14:38:45 +0000},
	Pages = {31--44},
	Publisher = {Springer},
	Title = {User-Based Solutions for Increasing Level of Service in Bike-Sharing Transportation Systems},
	Year = {2015}}
