

@article{sayama2007decentralized,
  title={Decentralized control and interactive design methods for large-scale heterogeneous self-organizing swarms},
  author={Sayama, Hiroki},
  journal={Advances in Artificial Life},
  pages={675--684},
  year={2007},
  publisher={Springer}
}



@article{allen2017multiscale,
	Author = {Allen, Benjamin and Stacey, Blake C and Bar-Yam, Yaneer},
	Journal = {Entropy},
	Number = {6},
	Pages = {273},
	Title = {Multiscale Information Theory and the Marginal Utility of Information},
	Volume = {19},
	Year = {2017}}



