%% This BibTeX bibliography file was created using BibDesk.
%% http://bibdesk.sourceforge.net/

%% Created for Juste Raimbault at 2017-10-10 18:09:14 +0200 


%% Saved with string encoding Unicode (UTF-8) 




@inproceedings{raimbault2014hybrid,
	Author = {Raimbault, Juste and Banos, Arnaud and Doursat, Ren{\'e}},
	Booktitle = {4th International Conference on Complex Systems and Applications (ICCSA 2014)},
	Pages = {51--60},
	Title = {A Hybrid Network/Grid Model of Urban Morphogenesis and Optimization},
	Year = {2014}}



@article{antelope2016interdisciplinary,
	Author = {Antelope, Chenling and Hubatsch, Lars and Raimbault, Juste and Serna, Jesus Mario},
	Journal = {Working Paper, Santa Fe Institute CSSS 2016.},
	Title = {An Interdisciplinary Approach to Morphogenesis},
	Year = {2016}}



@article{abercrombie1977concepts,
  title={Concepts in morphogenesis},
  author={Abercrombie, Michael},
  journal={Proc. R. Soc. Lond. B},
  volume={199},
  number={1136},
  pages={337--344},
  year={1977},
  publisher={The Royal Society}
}


@article{caruso2011morphological,
  title={Morphological similarities between DBM and a microeconomic model of sprawl},
  author={Caruso, Geoffrey and Vuidel, Gilles and Cavailh{\`e}s, Jean and Frankhauser, Pierre and Peeters, Dominique and Thomas, Isabelle},
  journal={Journal of geographical systems},
  volume={13},
  number={1},
  pages={31--48},
  year={2011},
  publisher={Springer}
}

@article{sullivan2010identifying,
  title={Identifying critical road segments and measuring system-wide robustness in transportation networks with isolating links: A link-based capacity-reduction approach},
  author={Sullivan, JL and Novak, DC and Aultman-Hall, L and Scott, David M},
  journal={Transportation Research Part A: Policy and Practice},
  volume={44},
  number={5},
  pages={323--336},
  year={2010},
  publisher={Elsevier}
}

@incollection{okata2011tokyo,
  title={Tokyoâ€™s urban growth, urban form and sustainability},
  author={Okata, Junichiro and Murayama, Akito},
  booktitle={Megacities},
  pages={15--41},
  year={2011},
  publisher={Springer}
}


@article{sayama2009swarm,
  title={Swarm chemistry},
  author={Sayama, Hiroki},
  journal={Artificial life},
  volume={15},
  number={1},
  pages={105--114},
  year={2009},
  publisher={MIT Press}
}

@article{tero2010rules,
  title={Rules for biologically inspired adaptive network design},
  author={Tero, Atsushi and Takagi, Seiji and Saigusa, Tetsu and Ito, Kentaro and Bebber, Dan P and Fricker, Mark D and Yumiki, Kenji and Kobayashi, Ryo and Nakagaki, Toshiyuki},
  journal={Science},
  volume={327},
  number={5964},
  pages={439--442},
  year={2010},
  publisher={American Association for the Advancement of Science}
}


@article{jun2005formation,
	Author = {Jun, Joseph K and H{\"u}bler, Alfred H},
	Date-Added = {2017-10-10 13:14:27 +0000},
	Date-Modified = {2017-10-10 13:14:27 +0000},
	Journal = {Proceedings of the National Academy of Sciences of the United States of America},
	Number = {3},
	Pages = {536--540},
	Publisher = {National Acad Sciences},
	Title = {Formation and structure of ramified charge transportation networks in an electromechanical system},
	Volume = {102},
	Year = {2005}}



@article{raimbault2017calibration,
  title={Calibration of a Density-based Model of Urban Morphogenesis},
  author={Raimbault, Juste},
  journal={arXiv preprint arXiv:1708.06743},
  year={2017}
}



@article{sayama2007decentralized,
  title={Decentralized control and interactive design methods for large-scale heterogeneous self-organizing swarms},
  author={Sayama, Hiroki},
  journal={Advances in Artificial Life},
  pages={675--684},
  year={2007},
  publisher={Springer}
}