%% This BibTeX bibliography file was created using BibDesk.
%% http://bibdesk.sourceforge.net/


%% Created for Juste Raimbault at 2016-08-31 00:52:44 +0200 


%% Saved with string encoding Occidental (ISO Latin 1) 



@article{batty2016theoretical,
	Author = {Michael Batty},
	Date-Added = {2016-08-30 22:16:55 +0000},
	Date-Modified = {2016-08-30 22:17:59 +0000},
	Journal = {Environment and Planning B: Planning and Design},
	Number = {5},
	Pages = {797--799},
	Title = {Theoretical filters: Reducing explanations in cities to their very essence},
	Volume = {43},
	Year = {2016}}

@inproceedings{de2016death,
	Author = {De Nadai, Marco and Staiano, Jacopo and Larcher, Roberto and Sebe, Nicu and Quercia, Daniele and Lepri, Bruno},
	Booktitle = {Proceedings of the 25th International Conference on World Wide Web},
	Date-Added = {2016-08-30 17:51:00 +0000},
	Date-Modified = {2016-08-30 17:51:00 +0000},
	Organization = {International World Wide Web Conferences Steering Committee},
	Pages = {413--423},
	Title = {The Death and Life of Great Italian Cities: A Mobile Phone Data Perspective},
	Year = {2016}}

@article{frank2014constructing,
	Author = {Frank, Morgan R and Williams, Jake Ryland and Mitchell, Lewis and Bagrow, James P and Dodds, Peter Sheridan and Danforth, Christopher M},
	Date-Added = {2016-08-30 17:45:40 +0000},
	Date-Modified = {2016-08-30 17:45:40 +0000},
	Journal = {arXiv preprint arXiv:1410.1393},
	Title = {Constructing a taxonomy of fine-grained human movement and activity motifs through social media},
	Year = {2014}}

@article{louail2016crowdsourcing,
	Author = {Louail, Thomas and Lenormand, Maxime and Arias, Juan Murillo and Ramasco, Jos{\'e} J},
	Date-Added = {2016-08-30 17:01:17 +0000},
	Date-Modified = {2016-08-30 17:01:17 +0000},
	Journal = {arXiv preprint arXiv:1604.08394},
	Title = {Crowdsourcing the Robin Hood effect in cities},
	Year = {2016}}

@article{o2014mining,
	Author = {O'brien, Oliver and Cheshire, James and Batty, Michael},
	Date-Added = {2016-08-30 16:56:46 +0000},
	Date-Modified = {2016-08-30 16:56:46 +0000},
	Journal = {Journal of Transport Geography},
	Pages = {262--273},
	Publisher = {Elsevier},
	Title = {Mining bicycle sharing data for generating insights into sustainable transport systems},
	Volume = {34},
	Year = {2014}}
