%% This BibTeX bibliography file was created using BibDesk.
%% http://bibdesk.sourceforge.net/


%% Created for Juste Raimbault at 2015-10-14 20:32:01 +0200 


%% Saved with string encoding Occidental (ISO Latin 1) 



@article{abadie2010synthetic,
	Author = {Abadie, Alberto and Diamond, Alexis and Hainmueller, Jens},
	Date-Added = {2015-10-14 15:54:19 +0000},
	Date-Modified = {2015-10-14 15:54:19 +0000},
	Journal = {Journal of the American Statistical Association},
	Number = {490},
	Title = {Synthetic control methods for comparative case studies: Estimating the effect of California's tobacco control program},
	Volume = {105},
	Year = {2010}}

@article{tumminello2005tool,
	Author = {Tumminello, Michele and Aste, Tomaso and Di Matteo, Tiziana and Mantegna, Rosario N},
	Date-Added = {2015-10-14 14:17:17 +0000},
	Date-Modified = {2015-10-14 14:17:17 +0000},
	Journal = {Proceedings of the National Academy of Sciences of the United States of America},
	Pages = {10421--10426},
	Publisher = {National Acad Sciences},
	Title = {A tool for filtering information in complex systems},
	Volume = {102},
	Year = {2005}}

@article{2009arXiv0910.1205B,
	Adsnote = {Provided by the SAO/NASA Astrophysics Data System},
	Adsurl = {http://adsabs.harvard.edu/abs/2009arXiv0910.1205B},
	Archiveprefix = {arXiv},
	Author = {{Bouchaud}, J.~P. and {Potters}, M.},
	Date-Added = {2015-10-14 14:13:41 +0000},
	Date-Modified = {2015-10-14 14:13:41 +0000},
	Eprint = {0910.1205},
	Journal = {ArXiv e-prints},
	Keywords = {Quantitative Finance - Statistical Finance, Condensed Matter - Disordered Systems and Neural Networks, Quantitative Finance - Risk Management},
	Month = oct,
	Primaryclass = {q-fin.ST},
	Title = {{Financial Applications of Random Matrix Theory: a short review}},
	Year = 2009}

@book{mantegna2000introduction,
	Author = {Mantegna, Rosario Nunzio and Stanley, Harry Eugene and others},
	Date-Added = {2015-10-14 14:07:23 +0000},
	Date-Modified = {2015-10-14 14:07:23 +0000},
	Publisher = {Cambridge university press Cambridge},
	Reading = {FP},
	Title = {An introduction to econophysics: correlations and complexity in finance},
	Usage = {SSB},
	Volume = {9},
	Year = {2000}}

@inproceedings{pritchard2009advances,
	Author = {Pritchard, David R and Miller, Eric J},
	Booktitle = {Transportation Research Board 88th Annual Meeting},
	Date-Added = {2015-10-14 13:28:26 +0000},
	Date-Modified = {2015-10-14 13:28:26 +0000},
	Number = {09-1686},
	Title = {Advances in agent population synthesis and application in an integrated land use and transportation model},
	Year = {2009}}

@inproceedings{moeckel2003creating,
	Author = {Moeckel, Rolf and Spiekermann, Klaus and Wegener, Michael},
	Booktitle = {Proceedings of the 8th International Conference on Computers in Urban Planning and Urban Management (CUPUM)},
	Date-Added = {2015-10-14 13:28:12 +0000},
	Date-Modified = {2015-10-14 13:28:12 +0000},
	Title = {Creating a synthetic population},
	Year = {2003}}

@article{bolon2013review,
	Author = {Bol{\'o}n-Canedo, Ver{\'o}nica and S{\'a}nchez-Maro{\~n}o, Noelia and Alonso-Betanzos, Amparo},
	Date-Added = {2015-10-14 13:21:13 +0000},
	Date-Modified = {2015-10-14 13:21:13 +0000},
	Journal = {Knowledge and information systems},
	Number = {3},
	Pages = {483--519},
	Publisher = {Springer},
	Title = {A review of feature selection methods on synthetic data},
	Volume = {34},
	Year = {2013}}
