



@book{mantegna1999introduction,
  title={Introduction to econophysics: correlations and complexity in finance},
  author={Mantegna, Rosario N and Stanley, H Eugene},
  year={1999},
  publisher={Cambridge university press}
}



@article{nitsch2005zipf,
  title={Zipf zipped},
  author={Nitsch, Volker},
  journal={Journal of Urban Economics},
  volume={57},
  number={1},
  pages={86--100},
  year={2005},
  publisher={Elsevier}
}



@book{glaeser2011triumph,
  title={Triumph of the city: How our greatest invention makes us richer, smarter, greener, healthier, and happier},
  author={Glaeser, Edward},
  year={2011},
  publisher={Penguin}
}


@article{storper2009rethinking,
  title={Rethinking human capital, creativity and urban growth},
  author={Storper, Michael and Scott, Allen J},
  journal={Journal of economic geography},
  volume={9},
  number={2},
  pages={147--167},
  year={2009},
  publisher={Oxford University Press}
}




@article{masucci2013gravity,
  title={Gravity versus radiation models: On the importance of scale and heterogeneity in commuting flows},
  author={Masucci, A Paolo and Serras, Joan and Johansson, Anders and Batty, Michael},
  journal={Physical Review E},
  volume={88},
  number={2},
  pages={022812},
  year={2013},
  publisher={APS}
}



@article{batty1972calibration,
  title={The calibration of gravity, entropy, and related models of spatial interaction},
  author={Batty, Michael and Mackie, S},
  journal={Environment and Planning A},
  volume={4},
  number={2},
  pages={205--233},
  year={1972},
  publisher={SAGE Publications Sage UK: London, England}
}




@article{dietterich1995overfitting,
  title={Overfitting and undercomputing in machine learning},
  author={Dietterich, Tom},
  journal={ACM computing surveys (CSUR)},
  volume={27},
  number={3},
  pages={326--327},
  year={1995},
  publisher={ACM}
}




@article{guerin1990150,
  title={150 ans de croissance urbaine},
  author={Gu{\'e}rin-Pace, France and Pumain, Denise},
  journal={Economie et statistique},
  volume={230},
  number={1},
  pages={5--16},
  year={1990},
  publisher={Pers{\'e}e-Portail des revues scientifiques en SHS}
}




@misc{bdalti,
    Author = {Institut G{\'e}ographique National},
    Title = {BD ALTI, http://professionnels.ign.fr/bdalti}
}



@article{pumain1986fichier,
	Author = {Pumain, Denise and Riandey, Beno{\^\i}t},
	Date-Added = {2016-09-15 09:24:23 +0000},
	Date-Modified = {2016-09-15 09:24:23 +0000},
	Journal = {Espace, populations, soci{\'e}t{\'e}s},
	Number = {2},
	Pages = {269--277},
	Publisher = {Pers{\'e}e-Portail des revues scientifiques en SHS},
	Title = {Le Fichier de l'Ined},
	Volume = {4},
	Year = {1986}}

@article{raimbault2016models,
	Author = {Raimbault, Juste},
	Date-Added = {2016-09-13 09:54:19 +0000},
	Date-Modified = {2016-09-13 09:54:19 +0000},
	Journal = {arXiv preprint arXiv:1605.08888},
	Title = {Models Coupling Urban Growth and Transportation Network Growth: An Algorithmic Systematic Review Approach},
	Year = {2016}}

@book{sanders1992systeme,
	Author = {Sanders, Lena},
	Date-Added = {2016-08-26 18:13:01 +0000},
	Date-Modified = {2016-08-26 18:13:01 +0000},
	Publisher = {Economica},
	Title = {Syst{\`e}me de villes et synerg{\'e}tique},
	Year = {1992}}

@inproceedings{raimbault2016generation,
	Author = {Raimbault, J.},
	Booktitle = {Actes des Journees de Rochebrune 2016.},
	Date-Added = {2016-08-26 18:06:38 +0000},
	Date-Modified = {2016-08-26 18:06:38 +0000},
	Title = {Generation of Correlated Synthetic Data},
	Year = {2016}}

@phdthesis{bretagnolle:tel-00459720,
	Affiliation = {G{\'e}ographie-cit{\'e}s - GC},
	Author = {Bretagnolle, Anne},
	Date-Added = {2016-08-26 17:41:40 +0000},
	Date-Modified = {2016-08-26 17:41:40 +0000},
	Hal_Id = {tel-00459720},
	Keywords = {Ville ; R{\'e}seaux de transport ; Vitesse ; Bases de donn{\'e}es ; Hi{\'e}rarchie ; Accessibilit{\'e} ; G{\'e}ographie urbaine ; Analyse spatiale ; Histoire ; France ; Europe ; Etats-Unis ; 17{\`e}me-20{\`e}me si{\`e}cles.},
	Language = {Fran{\c c}ais},
	Month = Jun,
	Pdf = {http://tel.archives-ouvertes.fr/tel-00459720/PDF/Volume3IneditHDRBretagnolle.pdf},
	School = {Universit{\'e} Panth{\'e}on-Sorbonne - Paris I},
	Title = {{Villes et r{\'e}seaux de transport : des interactions dans la longue dur{\'e}e, France, Europe, {\'E}tats-Unis}},
	Type = {HDR},
	Url = {http://tel.archives-ouvertes.fr/tel-00459720},
	Year = {2009},
	Bdsk-File-1 = {YnBsaXN0MDDUAQIDBAUGJCVYJHZlcnNpb25YJG9iamVjdHNZJGFyY2hpdmVyVCR0b3ASAAGGoKgHCBMUFRYaIVUkbnVsbNMJCgsMDxJXTlMua2V5c1pOUy5vYmplY3RzViRjbGFzc6INDoACgAOiEBGABIAFgAdccmVsYXRpdmVQYXRoWWFsaWFzRGF0YV8QSy4uLy4uLy4uLy4uL01pc2MvUHJvamV0VGhlc2UvQmlibGlvL0RvY3MvSERSQnJldGFnbm9sbGVfMTAuMS4xLjQwNS42NzgwLnBkZtIXCxgZV05TLmRhdGFPEQI0AAAAAAI0AAIAAAxNYWNpbnRvc2ggSEQAAAAAAAAAAAAAAAAAAADKQQYMSCsAAAGSN88fSERSQnJldGFnbm9sbGVfMTAuMSMxQTNGRkUxLnBkZgAAAAAAAAAAAAAAAAAAAAAAAAAAAAAAAAAAAAAAAAAAAaP/4c9++ncAAAAAAAAAAAAEAAUAAAkgAAAAAAAAAAAAAAAAAAAABERvY3MAEAAIAADKQOnsAAAAEQAIAADPft5XAAAAAQAgAZI3zwGSN80BkjfLAXjUVACQwikABQIVAAUCFAAAvuwAAgB2TWFjaW50b3NoIEhEOlVzZXJzOgBKdXN0ZToARG9jdW1lbnRzOgBDb21wbGV4U3lzdGVtczoATWlzYzoAUHJvamV0VGhlc2U6AEJpYmxpbzoARG9jczoASERSQnJldGFnbm9sbGVfMTAuMSMxQTNGRkUxLnBkZgAOAEYAIgBIAEQAUgBCAHIAZQB0AGEAZwBuAG8AbABsAGUAXwAxADAALgAxAC4AMQAuADQAMAA1AC4ANgA3ADgAMAAuAHAAZABmAA8AGgAMAE0AYQBjAGkAbgB0AG8AcwBoACAASABEABIAZFVzZXJzL0p1c3RlL0RvY3VtZW50cy9Db21wbGV4U3lzdGVtcy9NaXNjL1Byb2pldFRoZXNlL0JpYmxpby9Eb2NzL0hEUkJyZXRhZ25vbGxlXzEwLjEuMS40MDUuNjc4MC5wZGYAEwABLwAAFQACAAz//wAAgAbSGxwdHlokY2xhc3NuYW1lWCRjbGFzc2VzXU5TTXV0YWJsZURhdGGjHR8gVk5TRGF0YVhOU09iamVjdNIbHCIjXE5TRGljdGlvbmFyeaIiIF8QD05TS2V5ZWRBcmNoaXZlctEmJ1Ryb290gAEACAARABoAIwAtADIANwBAAEYATQBVAGAAZwBqAGwAbgBxAHMAdQB3AIQAjgDcAOEA6QMhAyMDKAMzAzwDSgNOA1UDXgNjA3ADcwOFA4gDjQAAAAAAAAIBAAAAAAAAACgAAAAAAAAAAAAAAAAAAAOP},
	Bdsk-Url-1 = {http://tel.archives-ouvertes.fr/tel-00459720}}

@incollection{taylor2016polymath,
	Author = {Taylor, Peter J},
	Booktitle = {Sir Peter Hall: Pioneer in Regional Planning, Transport and Urban Geography},
	Date-Added = {2016-08-23 12:52:55 +0000},
	Date-Modified = {2016-08-23 12:52:55 +0000},
	Pages = {11--20},
	Publisher = {Springer},
	Title = {A Polymath in City Studies},
	Year = {2016}}

@article{krugman1998space,
	Author = {Krugman, Paul},
	Date-Added = {2016-08-22 16:59:35 +0000},
	Date-Modified = {2016-08-22 16:59:35 +0000},
	Journal = {The Journal of Economic Perspectives},
	Number = {2},
	Pages = {161--174},
	Publisher = {JSTOR},
	Title = {Space: the final frontier},
	Volume = {12},
	Year = {1998},
	Bdsk-File-1 = {YnBsaXN0MDDUAQIDBAUGJCVYJHZlcnNpb25YJG9iamVjdHNZJGFyY2hpdmVyVCR0b3ASAAGGoKgHCBMUFRYaIVUkbnVsbNMJCgsMDxJXTlMua2V5c1pOUy5vYmplY3RzViRjbGFzc6INDoACgAOiEBGABIAFgAdccmVsYXRpdmVQYXRoWWFsaWFzRGF0YV8QTS4uLy4uLy4uL0JpYmxpby9Eb2NzL0Vjb25vbWljR2VvZ3JhcGh5L0tydWdtYW5fU3BhY2VGaW5hbEZyb250aWVyXzI2NDY5NjgucGRm0hcLGBlXTlMuZGF0YU8RAmoAAAAAAmoAAgAADE1hY2ludG9zaCBIRAAAAAAAAAAAAAAAAAAAAMpBBgxIKwAAAjQWNh9LcnVnbWFuX1NwYWNlRmluYWxGIzM4QTY4RkYucGRmAAAAAAAAAAAAAAAAAAAAAAAAAAAAAAAAAAAAAAAAAAADimj/0l1k0wAAAAAAAAAAAAMABAAACSAAAAAAAAAAAAAAAAAAAAARRWNvbm9taWNHZW9ncmFwaHkAABAACAAAykDp7AAAABEACAAA0l1WwwAAAAEAIAI0FjYCMXfZAiH5GQIh+RAAkMIpAAUCFQAFAhQAAL7sAAIAg01hY2ludG9zaCBIRDpVc2VyczoASnVzdGU6AERvY3VtZW50czoAQ29tcGxleFN5c3RlbXM6AENpdHlOZXR3b3JrOgBCaWJsaW86AERvY3M6AEVjb25vbWljR2VvZ3JhcGh5OgBLcnVnbWFuX1NwYWNlRmluYWxGIzM4QTY4RkYucGRmAAAOAE4AJgBLAHIAdQBnAG0AYQBuAF8AUwBwAGEAYwBlAEYAaQBuAGEAbABGAHIAbwBuAHQAaQBlAHIAXwAyADYANAA2ADkANgA4AC4AcABkAGYADwAaAAwATQBhAGMAaQBuAHQAbwBzAGgAIABIAEQAEgB1VXNlcnMvSnVzdGUvRG9jdW1lbnRzL0NvbXBsZXhTeXN0ZW1zL0NpdHlOZXR3b3JrL0JpYmxpby9Eb2NzL0Vjb25vbWljR2VvZ3JhcGh5L0tydWdtYW5fU3BhY2VGaW5hbEZyb250aWVyXzI2NDY5NjgucGRmAAATAAEvAAAVAAIADP//AACABtIbHB0eWiRjbGFzc25hbWVYJGNsYXNzZXNdTlNNdXRhYmxlRGF0YaMdHyBWTlNEYXRhWE5TT2JqZWN00hscIiNcTlNEaWN0aW9uYXJ5oiIgXxAPTlNLZXllZEFyY2hpdmVy0SYnVHJvb3SAAQAIABEAGgAjAC0AMgA3AEAARgBNAFUAYABnAGoAbABuAHEAcwB1AHcAhACOAN4A4wDrA1kDWwNgA2sDdAOCA4YDjQOWA5sDqAOrA70DwAPFAAAAAAAAAgEAAAAAAAAAKAAAAAAAAAAAAAAAAAAAA8c=}}

@article{reuillon2013openmole,
	Author = {Reuillon, Romain and Leclaire, Mathieu and Rey-Coyrehourcq, Sebastien},
	Date-Added = {2016-08-22 16:33:26 +0000},
	Date-Modified = {2016-08-22 16:33:26 +0000},
	Journal = {Future Generation Computer Systems},
	Number = {8},
	Pages = {1981--1990},
	Publisher = {Elsevier},
	Title = {OpenMOLE, a workflow engine specifically tailored for the distributed exploration of simulation models},
	Volume = {29},
	Year = {2013},
	Bdsk-File-1 = {YnBsaXN0MDDUAQIDBAUGJCVYJHZlcnNpb25YJG9iamVjdHNZJGFyY2hpdmVyVCR0b3ASAAGGoKgHCBMUFRYaIVUkbnVsbNMJCgsMDxJXTlMua2V5c1pOUy5vYmplY3RzViRjbGFzc6INDoACgAOiEBGABIAFgAdccmVsYXRpdmVQYXRoWWFsaWFzRGF0YV8QSC4uLy4uLy4uL0JpYmxpby9Eb2NzL1dvcmtmbG93L09wZW5Nb2xlXzEtczIuMC1TMDE2NzczOVgxMzAwMTAyNy1tYWluLnBkZtIXCxgZV05TLmRhdGFPEQJYAAAAAAJYAAIAAAxNYWNpbnRvc2ggSEQAAAAAAAAAAAAAAAAAAADKQQYMSCsAAAIxeDYfT3Blbk1vbGVfMS1zMi4wLVMwMSMyMzE3ODM4LnBkZgAAAAAAAAAAAAAAAAAAAAAAAAAAAAAAAAAAAAAAAAAAAjF4ONEiwUwAAAAAAAAAAAADAAQAAAkgAAAAAAAAAAAAAAAAAAAACFdvcmtmbG93ABAACAAAykDp7AAAABEACAAA0SKzPAAAAAEAIAIxeDYCMXfZAiH5GQIh+RAAkMIpAAUCFQAFAhQAAL7sAAIAek1hY2ludG9zaCBIRDpVc2VyczoASnVzdGU6AERvY3VtZW50czoAQ29tcGxleFN5c3RlbXM6AENpdHlOZXR3b3JrOgBCaWJsaW86AERvY3M6AFdvcmtmbG93OgBPcGVuTW9sZV8xLXMyLjAtUzAxIzIzMTc4MzgucGRmAA4AVgAqAE8AcABlAG4ATQBvAGwAZQBfADEALQBzADIALgAwAC0AUwAwADEANgA3ADcAMwA5AFgAMQAzADAAMAAxADAAMgA3AC0AbQBhAGkAbgAuAHAAZABmAA8AGgAMAE0AYQBjAGkAbgB0AG8AcwBoACAASABEABIAcFVzZXJzL0p1c3RlL0RvY3VtZW50cy9Db21wbGV4U3lzdGVtcy9DaXR5TmV0d29yay9CaWJsaW8vRG9jcy9Xb3JrZmxvdy9PcGVuTW9sZV8xLXMyLjAtUzAxNjc3MzlYMTMwMDEwMjctbWFpbi5wZGYAEwABLwAAFQACAAz//wAAgAbSGxwdHlokY2xhc3NuYW1lWCRjbGFzc2VzXU5TTXV0YWJsZURhdGGjHR8gVk5TRGF0YVhOU09iamVjdNIbHCIjXE5TRGljdGlvbmFyeaIiIF8QD05TS2V5ZWRBcmNoaXZlctEmJ1Ryb290gAEACAARABoAIwAtADIANwBAAEYATQBVAGAAZwBqAGwAbgBxAHMAdQB3AIQAjgDZAN4A5gNCA0QDSQNUA10DawNvA3YDfwOEA5EDlAOmA6kDrgAAAAAAAAIBAAAAAAAAACgAAAAAAAAAAAAAAAAAAAOw}}

@article{favaro2011gibrat,
	Author = {Favaro, Jean-Marc and Pumain, Denise},
	Date-Added = {2016-08-22 16:33:00 +0000},
	Date-Modified = {2016-08-22 16:33:00 +0000},
	Journal = {Geographical Analysis},
	Number = {3},
	Pages = {261--286},
	Publisher = {Wiley Online Library},
	Title = {Gibrat Revisited: An Urban Growth Model Incorporating Spatial Interaction and Innovation Cycles.},
	Volume = {43},
	Year = {2011},
	Bdsk-File-1 = {YnBsaXN0MDDUAQIDBAUGJCVYJHZlcnNpb25YJG9iamVjdHNZJGFyY2hpdmVyVCR0b3ASAAGGoKgHCBMUFRYaIVUkbnVsbNMJCgsMDxJXTlMua2V5c1pOUy5vYmplY3RzViRjbGFzc6INDoACgAOiEBGABIAFgAdccmVsYXRpdmVQYXRoWWFsaWFzRGF0YV8QTC4uLy4uLy4uL0JpYmxpby9Eb2NzL1VyYmFuR3Jvd3RoL0ZhdmFyb19ldF9hbC0yMDExLUdlb2dyYXBoaWNhbF9BbmFseXNpcy5wZGbSFwsYGVdOUy5kYXRhTxECZgAAAAACZgACAAAMTWFjaW50b3NoIEhEAAAAAAAAAAAAAAAAAAAAykEGDEgrAAACYkuYH0ZhdmFyb19ldF9hbC0yMDExLUcjMjYyNENCOS5wZGYAAAAAAAAAAAAAAAAAAAAAAAAAAAAAAAAAAAAAAAAAAAJiTLnRUbm1AAAAAAAAAAAAAwAEAAAJIAAAAAAAAAAAAAAAAAAAAAtVcmJhbkdyb3d0aAAAEAAIAADKQOnsAAAAEQAIAADRUZ2VAAAAAQAgAmJLmAIxd9kCIfkZAiH5EACQwikABQIVAAUCFAAAvuwAAgB9TWFjaW50b3NoIEhEOlVzZXJzOgBKdXN0ZToARG9jdW1lbnRzOgBDb21wbGV4U3lzdGVtczoAQ2l0eU5ldHdvcms6AEJpYmxpbzoARG9jczoAVXJiYW5Hcm93dGg6AEZhdmFyb19ldF9hbC0yMDExLUcjMjYyNENCOS5wZGYAAA4AWAArAEYAYQB2AGEAcgBvAF8AZQB0AF8AYQBsAC0AMgAwADEAMQAtAEcAZQBvAGcAcgBhAHAAaABpAGMAYQBsAF8AQQBuAGEAbAB5AHMAaQBzAC4AcABkAGYADwAaAAwATQBhAGMAaQBuAHQAbwBzAGgAIABIAEQAEgB0VXNlcnMvSnVzdGUvRG9jdW1lbnRzL0NvbXBsZXhTeXN0ZW1zL0NpdHlOZXR3b3JrL0JpYmxpby9Eb2NzL1VyYmFuR3Jvd3RoL0ZhdmFyb19ldF9hbC0yMDExLUdlb2dyYXBoaWNhbF9BbmFseXNpcy5wZGYAEwABLwAAFQACAAz//wAAgAbSGxwdHlokY2xhc3NuYW1lWCRjbGFzc2VzXU5TTXV0YWJsZURhdGGjHR8gVk5TRGF0YVhOU09iamVjdNIbHCIjXE5TRGljdGlvbmFyeaIiIF8QD05TS2V5ZWRBcmNoaXZlctEmJ1Ryb290gAEACAARABoAIwAtADIANwBAAEYATQBVAGAAZwBqAGwAbgBxAHMAdQB3AIQAjgDdAOIA6gNUA1YDWwNmA28DfQOBA4gDkQOWA6MDpgO4A7sDwAAAAAAAAAIBAAAAAAAAACgAAAAAAAAAAAAAAAAAAAPC}}

@article{bretagnolle2000long,
	Author = {Bretagnolle, Anne and Mathian, H{\'e}l{\`e}ne and Pumain, Denise and Rozenblat, C{\'e}line},
	Date-Added = {2016-08-22 16:32:50 +0000},
	Date-Modified = {2016-08-22 16:32:50 +0000},
	Journal = {Cybergeo: European Journal of Geography},
	Publisher = {CNRS-UMR G{\'e}ographie-cit{\'e}s 8504},
	Title = {Long-term dynamics of European towns and cities: towards a spatial model of urban growth},
	Year = {2000},
	Bdsk-File-1 = {YnBsaXN0MDDUAQIDBAUGJCVYJHZlcnNpb25YJG9iamVjdHNZJGFyY2hpdmVyVCR0b3ASAAGGoKgHCBMUFRYaIVUkbnVsbNMJCgsMDxJXTlMua2V5c1pOUy5vYmplY3RzViRjbGFzc6INDoACgAOiEBGABIAFgAdccmVsYXRpdmVQYXRoWWFsaWFzRGF0YV8QiS4uLy4uLy4uL0JpYmxpby9Eb2NzL1VyYmFuR3Jvd3RoL2N5YmVyZ2VvLTU2Ni1sb25nLXRlcm0tZHluYW1pY3Mtb2YtZXVyb3BlYW4tdG93bnMtYW5kLWNpdGllcy10b3dhcmRzLWEtc3BhdGlhbC1tb2RlbC1vZi11cmJhbi1ncm93dGgucGRm0hcLGBlXTlMuZGF0YU8RAx4AAAAAAx4AAgAADE1hY2ludG9zaCBIRAAAAAAAAAAAAAAAAAAAAMpBBgxIKwAAAmJLmB9jeWJlcmdlby01NjYtbG9uZy10IzQ0Njk3Q0IucGRmAAAAAAAAAAAAAAAAAAAAAAAAAAAAAAAAAAAAAAAAAAAERpfL03MlVAAAAAAAAAAAAAMABAAACSAAAAAAAAAAAAAAAAAAAAALVXJiYW5Hcm93dGgAABAACAAAykDp7AAAABEACAAA03MJNAAAAAEAIAJiS5gCMXfZAiH5GQIh+RAAkMIpAAUCFQAFAhQAAL7sAAIAfU1hY2ludG9zaCBIRDpVc2VyczoASnVzdGU6AERvY3VtZW50czoAQ29tcGxleFN5c3RlbXM6AENpdHlOZXR3b3JrOgBCaWJsaW86AERvY3M6AFVyYmFuR3Jvd3RoOgBjeWJlcmdlby01NjYtbG9uZy10IzQ0Njk3Q0IucGRmAAAOANIAaABjAHkAYgBlAHIAZwBlAG8ALQA1ADYANgAtAGwAbwBuAGcALQB0AGUAcgBtAC0AZAB5AG4AYQBtAGkAYwBzAC0AbwBmAC0AZQB1AHIAbwBwAGUAYQBuAC0AdABvAHcAbgBzAC0AYQBuAGQALQBjAGkAdABpAGUAcwAtAHQAbwB3AGEAcgBkAHMALQBhAC0AcwBwAGEAdABpAGEAbAAtAG0AbwBkAGUAbAAtAG8AZgAtAHUAcgBiAGEAbgAtAGcAcgBvAHcAdABoAC4AcABkAGYADwAaAAwATQBhAGMAaQBuAHQAbwBzAGgAIABIAEQAEgCxVXNlcnMvSnVzdGUvRG9jdW1lbnRzL0NvbXBsZXhTeXN0ZW1zL0NpdHlOZXR3b3JrL0JpYmxpby9Eb2NzL1VyYmFuR3Jvd3RoL2N5YmVyZ2VvLTU2Ni1sb25nLXRlcm0tZHluYW1pY3Mtb2YtZXVyb3BlYW4tdG93bnMtYW5kLWNpdGllcy10b3dhcmRzLWEtc3BhdGlhbC1tb2RlbC1vZi11cmJhbi1ncm93dGgucGRmAAATAAEvAAAVAAIADP//AACABtIbHB0eWiRjbGFzc25hbWVYJGNsYXNzZXNdTlNNdXRhYmxlRGF0YaMdHyBWTlNEYXRhWE5TT2JqZWN00hscIiNcTlNEaWN0aW9uYXJ5oiIgXxAPTlNLZXllZEFyY2hpdmVy0SYnVHJvb3SAAQAIABEAGgAjAC0AMgA3AEAARgBNAFUAYABnAGoAbABuAHEAcwB1AHcAhACOARoBHwEnBEkESwRQBFsEZARyBHYEfQSGBIsEmASbBK0EsAS1AAAAAAAAAgEAAAAAAAAAKAAAAAAAAAAAAAAAAAAABLc=}}

@incollection{pumain2012multi,
	Author = {Pumain, Denise},
	Booktitle = {Agent-based models of geographical systems},
	Date-Added = {2015-10-09 16:58:33 +0000},
	Date-Modified = {2015-10-09 16:58:33 +0000},
	Pages = {721--738},
	Publisher = {Springer},
	Reading = {A},
	Title = {Multi-agent system modelling for urban systems: The series of SIMPOP models},
	Usage = {GSB},
	Year = {2012},
	Bdsk-File-1 = {YnBsaXN0MDDUAQIDBAUGJCVYJHZlcnNpb25YJG9iamVjdHNZJGFyY2hpdmVyVCR0b3ASAAGGoKgHCBMUFRYaIVUkbnVsbNMJCgsMDxJXTlMua2V5c1pOUy5vYmplY3RzViRjbGFzc6INDoACgAOiEBGABIAFgAdccmVsYXRpdmVQYXRoWWFsaWFzRGF0YV8QMS4uLy4uLy4uLy4uL0JpYmxpby9Eb2NzL0FCTW9kZWxpbmcvQm9va0FCTUdlby5wZGbSFwsYGVdOUy5kYXRhTxEB3AAAAAAB3AACAAAMTWFjaW50b3NoIEhEAAAAAAAAAAAAAAAAAAAAykEGDEgrAAAAxkhxDkJvb2tBQk1HZW8ucGRmAAAAAAAAAAAAAAAAAAAAAAAAAAAAAAAAAAAAAAAAAAAAAAAAAAAAAAAAAAAAAAAAAAC2e9XNSo8zAAAAAAAAAAAABAAEAAAJIAAAAAAAAAAAAAAAAAAAAApBQk1vZGVsaW5nABAACAAAykDp7AAAABEACAAAzUqBIwAAAAEAHADGSHEAtnjEAKmYegCQwikABQIVAAUCFAAAvuwAAgBeTWFjaW50b3NoIEhEOlVzZXJzOgBKdXN0ZToARG9jdW1lbnRzOgBDb21wbGV4U3lzdGVtczoAQmlibGlvOgBEb2NzOgBBQk1vZGVsaW5nOgBCb29rQUJNR2VvLnBkZgAOAB4ADgBCAG8AbwBrAEEAQgBNAEcAZQBvAC4AcABkAGYADwAaAAwATQBhAGMAaQBuAHQAbwBzAGgAIABIAEQAEgBKVXNlcnMvSnVzdGUvRG9jdW1lbnRzL0NvbXBsZXhTeXN0ZW1zL0JpYmxpby9Eb2NzL0FCTW9kZWxpbmcvQm9va0FCTUdlby5wZGYAEwABLwAAFQACAAz//wAAgAbSGxwdHlokY2xhc3NuYW1lWCRjbGFzc2VzXU5TTXV0YWJsZURhdGGjHR8gVk5TRGF0YVhOU09iamVjdNIbHCIjXE5TRGljdGlvbmFyeaIiIF8QD05TS2V5ZWRBcmNoaXZlctEmJ1Ryb290gAEACAARABoAIwAtADIANwBAAEYATQBVAGAAZwBqAGwAbgBxAHMAdQB3AIQAjgDCAMcAzwKvArECtgLBAsoC2ALcAuMC7ALxAv4DAQMTAxYDGwAAAAAAAAIBAAAAAAAAACgAAAAAAAAAAAAAAAAAAAMd}}
