%% This BibTeX bibliography file was created using BibDesk.
%% http://bibdesk.sourceforge.net/

%% Created for Juste Raimbault at 2017-11-23 17:16:35 +0100 


%% Saved with string encoding Unicode (UTF-8) 



@article{louf2014scaling,
	Author = {Louf, R{\'e}mi and Barthelemy, Marc},
	Date-Added = {2017-11-23 16:16:11 +0000},
	Date-Modified = {2017-11-23 16:16:11 +0000},
	Journal = {arXiv preprint arXiv:1410.4964},
	Title = {Scaling: lost in the smog},
	Year = {2014},
	Bdsk-File-1 = {YnBsaXN0MDDUAQIDBAUGJCVYJHZlcnNpb25YJG9iamVjdHNZJGFyY2hpdmVyVCR0b3ASAAGGoKgHCBMUFRYaIVUkbnVsbNMJCgsMDxJXTlMua2V5c1pOUy5vYmplY3RzViRjbGFzc6INDoACgAOiEBGABIAFgAdccmVsYXRpdmVQYXRoWWFsaWFzRGF0YV8QMy4uL0RvY3MvU2NhbGluZy9TY2FsaW5Mb3N0SW5UaGVTbW9nXzE0MTAuNDk2NHYxLnBkZtIXCxgZV05TLmRhdGFPEQJCAAAAAAJCAAIAAAxNYWNpbnRvc2ggSEQAAAAAAAAAAAAAAAAAAADKQVpsSCsAAAJV2jMfU2NhbGluTG9zdEluVGhlU21vZyMyNzM1RjQ0LnBkZgAAAAAAAAAAAAAAAAAAAAAAAAAAAAAAAAAAAAAAAAAAAnNfRNGBMiMAAAAAAAAAAAABAAMAAAkgAAAAAAAAAAAAAAAAAAAAB1NjYWxpbmcAABAACAAAykDp7AAAABEACAAA0YDBowAAAAEAIAJV2jMCMXfZAiH5GQIh+RAAkMIpAAUCFQAFAhQAAL7sAAIAeU1hY2ludG9zaCBIRDpVc2VyczoASnVzdGU6AERvY3VtZW50czoAQ29tcGxleFN5c3RlbXM6AENpdHlOZXR3b3JrOgBCaWJsaW86AERvY3M6AFNjYWxpbmc6AFNjYWxpbkxvc3RJblRoZVNtb2cjMjczNUY0NC5wZGYAAA4ASAAjAFMAYwBhAGwAaQBuAEwAbwBzAHQASQBuAFQAaABlAFMAbQBvAGcAXwAxADQAMQAwAC4ANAA5ADYANAB2ADEALgBwAGQAZgAPABoADABNAGEAYwBpAG4AdABvAHMAaAAgAEgARAASAGhVc2Vycy9KdXN0ZS9Eb2N1bWVudHMvQ29tcGxleFN5c3RlbXMvQ2l0eU5ldHdvcmsvQmlibGlvL0RvY3MvU2NhbGluZy9TY2FsaW5Mb3N0SW5UaGVTbW9nXzE0MTAuNDk2NHYxLnBkZgATAAEvAAAVAAIADP//AACABtIbHB0eWiRjbGFzc25hbWVYJGNsYXNzZXNdTlNNdXRhYmxlRGF0YaMdHyBWTlNEYXRhWE5TT2JqZWN00hscIiNcTlNEaWN0aW9uYXJ5oiIgXxAPTlNLZXllZEFyY2hpdmVy0SYnVHJvb3SAAQAIABEAGgAjAC0AMgA3AEAARgBNAFUAYABnAGoAbABuAHEAcwB1AHcAhACOAMQAyQDRAxcDGQMeAykDMgNAA0QDSwNUA1kDZgNpA3sDfgODAAAAAAAAAgEAAAAAAAAAKAAAAAAAAAAAAAAAAAAAA4U=}}

@article{lyu2016developing,
	Author = {Lyu, Guowei and Bertolini, Luca and Pfeffer, Karin},
	Date-Added = {2017-11-23 16:15:21 +0000},
	Date-Modified = {2017-11-23 16:15:21 +0000},
	Journal = {Journal of Transport Geography},
	Pages = {40--50},
	Publisher = {Elsevier},
	Title = {Developing a TOD typology for Beijing metro station areas},
	Volume = {55},
	Year = {2016},
	Bdsk-File-1 = {YnBsaXN0MDDUAQIDBAUGJCVYJHZlcnNpb25YJG9iamVjdHNZJGFyY2hpdmVyVCR0b3ASAAGGoKgHCBMUFRYaIVUkbnVsbNMJCgsMDxJXTlMua2V5c1pOUy5vYmplY3RzViRjbGFzc6INDoACgAOiEBGABIAFgAdccmVsYXRpdmVQYXRoWWFsaWFzRGF0YV8QLy4uL0RvY3MvQ2hpbmEvMS1zMi4wLVMwOTY2NjkyMzE2MzAxOTA5LW1haW4ucGRm0hcLGBlXTlMuZGF0YU8RAjYAAAAAAjYAAgAADE1hY2ludG9zaCBIRAAAAAAAAAAAAAAAAAAAAMpBWmxIKwAABC12ZR8xLXMyLjAtUzA5NjY2OTIzMTYzIzQ1OTY4RUEucGRmAAAAAAAAAAAAAAAAAAAAAAAAAAAAAAAAAAAAAAAAAAAEWWjq073ItgAAAAAAAAAAAAEAAwAACSAAAAAAAAAAAAAAAAAAAAAFQ2hpbmEAABAACAAAykDp7AAAABEACAAA071YNgAAAAEAIAQtdmUCMXfZAiH5GQIh+RAAkMIpAAUCFQAFAhQAAL7sAAIAd01hY2ludG9zaCBIRDpVc2VyczoASnVzdGU6AERvY3VtZW50czoAQ29tcGxleFN5c3RlbXM6AENpdHlOZXR3b3JrOgBCaWJsaW86AERvY3M6AENoaW5hOgAxLXMyLjAtUzA5NjY2OTIzMTYzIzQ1OTY4RUEucGRmAAAOAEQAIQAxAC0AcwAyAC4AMAAtAFMAMAA5ADYANgA2ADkAMgAzADEANgAzADAAMQA5ADAAOQAtAG0AYQBpAG4ALgBwAGQAZgAPABoADABNAGEAYwBpAG4AdABvAHMAaAAgAEgARAASAGRVc2Vycy9KdXN0ZS9Eb2N1bWVudHMvQ29tcGxleFN5c3RlbXMvQ2l0eU5ldHdvcmsvQmlibGlvL0RvY3MvQ2hpbmEvMS1zMi4wLVMwOTY2NjkyMzE2MzAxOTA5LW1haW4ucGRmABMAAS8AABUAAgAM//8AAIAG0hscHR5aJGNsYXNzbmFtZVgkY2xhc3Nlc11OU011dGFibGVEYXRhox0fIFZOU0RhdGFYTlNPYmplY3TSGxwiI1xOU0RpY3Rpb25hcnmiIiBfEA9OU0tleWVkQXJjaGl2ZXLRJidUcm9vdIABAAgAEQAaACMALQAyADcAQABGAE0AVQBgAGcAagBsAG4AcQBzAHUAdwCEAI4AwADFAM0DBwMJAw4DGQMiAzADNAM7A0QDSQNWA1kDawNuA3MAAAAAAAACAQAAAAAAAAAoAAAAAAAAAAAAAAAAAAADdQ==}}
