


@article{girres2010quality,
	Author = {Girres, Jean-Fran{\c{c}}ois and Touya, Guillaume},
	Journal = {Transactions in GIS},
	Number = {4},
	Pages = {435--459},
	Title = {Quality assessment of the French OpenStreetMap dataset},
	Volume = {14},
	Year = {2010}}




@incollection{zheng2014assessing,
	Author = {Zheng, Shudan and Zheng, Jianghua},
	Booktitle = {Thematic Cartography for the Society},
	Pages = {171--189},
	Publisher = {Springer},
	Title = {Assessing the completeness and positional accuracy of OpenStreetMap in China},
	Year = {2014}}



@article{zhang2015density,
	Author = {Zhang, Yingjia and Li, Xueming and Wang, Aiming and Bao, Tongliga and Tian, Shenzhen},
	Journal = {Journal of Urban Management},
	Number = {2},
	Pages = {135--146},
	Title = {Density and diversity of OpenStreetMap road networks in China},
	Volume = {4},
	Year = {2015}}


@article{haklay2010good,
	Author = {Haklay, Mordechai},
	Journal = {Environment and planning B: Planning and design},
	Number = {4},
	Pages = {682--703},
	Title = {How good is volunteered geographical information? A comparative study of OpenStreetMap and Ordnance Survey datasets},
	Volume = {37},
	Year = {2010}}



@book{hillier1989social,
	Author = {Hillier, Bill and Hanson, Julienne},
	Publisher = {Cambridge university press},
	Title = {The social logic of space},
	Year = {1989}}



@book{haggett1970network,
	Author = {Haggett, Peter and Chorley, Richard J},
	Publisher = {St. Martin's Press},
	Title = {Network analysis in geography},
	Year = {1970}}




@article{crucitti2006centrality,
	Author = {Crucitti, Paolo and Latora, Vito and Porta, Sergio},
	Journal = {Physical Review E},
	Number = {3},
	Pages = {036125},
	Title = {Centrality measures in spatial networks of urban streets},
	Volume = {73},
	Year = {2006}}



@article{hansen1959accessibility,
	Author = {Hansen, Walter G},
	Journal = {Journal of the American Institute of planners},
	Number = {2},
	Pages = {73--76},
	Title = {How accessibility shapes land use},
	Volume = {25},
	Year = {1959}}




@article{trepanier2009calculation,
	Author = {Tr{\'e}panier, Martin and Morency, Catherine and Agard, Bruno},
	Journal = {Journal of Public Transportation},
	Number = {1},
	Pages = {5},
	Title = {Calculation of transit performance measures using smartcard data},
	Volume = {12},
	Year = {2009}}



@article{josselin2016straightness,
	Author = {Josselin, Didier and Labatut, Vincent and Mitsche, Dieter},
	Journal = {arXiv preprint arXiv:1609.05719},
	Title = {Straightness of rectilinear vs. radio-concentric networks: modeling simulation and comparison},
	Year = {2016}}




@article{paez2005spatial,
	Author = {P{\'a}ez, Antonio and Scott, Darren M},
	Journal = {GeoJournal},
	Number = {1},
	Pages = {53--67},
	Title = {Spatial statistics for urban analysis: a review of techniques with examples},
	Volume = {61},
	Year = {2005}}



@article{guerois2002commune,
	Author = {Gu{\'e}rois, Marianne and Paulus, Fabien},
	Journal = {Cybergeo: European Journal of Geography},
	Title = {Commune centre, agglom{\'e}ration, aire urbaine: quelle pertinence pour l'{\'e}tude des villes?},
	Year = {2002}}



@article{Schwarz201029,
	Author = {Nina Schwarz},
	Journal = {Landscape and Urban Planning},
	Number = {1},
	Pages = {29 - 47},
	Title = {Urban form revisited---Selecting indicators for characterising European cities},
	Volume = {96},
	Year = {2010}}


@ARTICLE{2017arXiv170806743R,
   author = {{Raimbault}, J.},
    title = {Calibration of a Density-based Model of Urban Morphogenesis},
  journal = {ArXiv e-prints},
archivePrefix = "arXiv",
   eprint = {1708.06743},
 primaryClass = "physics.soc-ph",
 keywords = {Physics - Physics and Society, Computer Science - Multiagent Systems},
     year = 2017,
    month = jul,
   adsurl = {http://adsabs.harvard.edu/abs/2017arXiv170806743R},
  adsnote = {Provided by the SAO/NASA Astrophysics Data System}
}




@article{tsai2005quantifying,
	Author = {Tsai, Yu-Hsin},
	Journal = {Urban studies},
	Number = {1},
	Pages = {141--161},
	Title = {Quantifying urban form: compactness versus' sprawl'},
	Volume = {42},
	Year = {2005}}



@article{le2015forme,
	Author = {Le N{\'e}chet, Florent},
	Journal = {Cybergeo: European Journal of Geography},
	Title = {De la forme urbaine {\`a} la structure m{\'e}tropolitaine: une typologie de la configuration interne des densit{\'e}s pour les principales m{\'e}tropoles europ{\'e}ennes de l'Audit Urbain},
	Year = {2015}}


@inproceedings{raimbault2014hybrid,
  title={A Hybrid Network/Grid Model of Urban Morphogenesis and Optimization},
  author={Raimbault, Juste and Banos, Arnaud and Doursat, Ren{\'e}},
  booktitle={4th International Conference on Complex Systems and Applications},
  pages={51--60},
  year={2014}
}



