


@incollection{raimbault2020unveiling,
  title={Unveiling co-evolutionary patterns in systems of cities: a systematic exploration of the simpopnet model},
  author={Raimbault, Juste},
  booktitle={Theories and Models of Urbanization},
  pages={261--278},
  year={2020},
  publisher={Springer}
}

@article{raimbault2021introducing,
  title={Introducing endogenous transport provision in a LUTI model to explore polycentric governance systems},
  author={Raimbault, J. and Le Nechet F.},
  journal={Journal of Transport Geography},
  year={2021, forthcoming}
}



@article{raimbault2021interdisciplinary,
  title={An interdisciplinary bibliometric analysis of models for land-use and transport interactions},
  author={Raimbault, Juste},
  journal={arXiv preprint arXiv:2102.13501},
  year={2021}
}

@incollection{raimbault2019urban,
  title={An urban morphogenesis model capturing interactions between networks and territories},
  author={Raimbault, Juste},
  booktitle={The mathematics of urban morphology},
  pages={383--409},
  year={2019},
  publisher={Springer}
}

@article{raimbault2018calibration,
  title={Calibration of a density-based model of urban morphogenesis},
  author={Raimbault, Juste},
  journal={PloS one},
  volume={13},
  number={9},
  pages={e0203516},
  year={2018},
  publisher={Public Library of Science San Francisco, CA USA}
}


@incollection{raimbault:halshs-02265423,
  TITLE = {{Evolving accessibility landscapes: mutations of transportation networks in China}},
  AUTHOR = {Raimbault, Juste},
  URL = {https://halshs.archives-ouvertes.fr/halshs-02265423},
  NOTE = {ebook},
  BOOKTITLE = {{PATHWAYS OF SUSTAINABLE URBAN DEVELOPMENT ACROSS CHINA: THE CASES OF HANGZHOU, DATONG AND ZHUHAI}},
  EDITOR = {N. Aveline-Dubach},
  PUBLISHER = {{Imago Editor}},
  PAGES = {89-108},
  YEAR = {2019},
  KEYWORDS = {PARIS team ; COUV ; Transportation networks ; Pearl River Delta ; urban transit ; accessibility ; HSR},
  PDF = {https://halshs.archives-ouvertes.fr/halshs-02265423/file/MediumEBook_Raimbault.pdf},
  HAL_ID = {halshs-02265423},
  HAL_VERSION = {v1},
}

@article{reuillon2013openmole,
  title={OpenMOLE, a workflow engine specifically tailored for the distributed exploration of simulation models},
  author={Reuillon, Romain and Leclaire, Mathieu and Rey-Coyrehourcq, Sebastien},
  journal={Future Generation Computer Systems},
  volume={29},
  number={8},
  pages={1981--1990},
  year={2013},
  publisher={Elsevier}
}

@article{raimbault2019space,
  title={Space Matters: Extending Sensitivity Analysis to Initial Spatial Conditions in Geosimulation Models},
  author={Raimbault, J and Cottineau, C and Le Texier, M and Le Nechet, F and Reuillon, R},
  journal={Journal of Artificial Societies and Social Simulation},
  volume={22},
  number={4},
  year={2019},
  publisher={JASSS}
}

@inproceedings{raimbault2019generating,
  title={Generating urban morphologies at large scales},
  author={Raimbault, Juste and Perret, Julien},
  booktitle={Artificial Life Conference Proceedings},
  pages={179--186},
  year={2019},
  organization={MIT Press}
}

@article{raimbault2019second,
  title={Second-order control of complex systems with correlated synthetic data},
  author={Raimbault, Juste},
  journal={Complex Adaptive Systems Modeling},
  volume={7},
  number={1},
  pages={1--19},
  year={2019},
  publisher={SpringerOpen}
}

@article{raimbault2021strong,
  title={Strong coupling between scales in a multi-scalar model of urban dynamics},
  author={Raimbault, Juste},
  journal={arXiv preprint arXiv:2101.12725},
  year={2021}
}

@article{raimbault2021modeling,
author={Raimbault, Juste},
year={2021},
title={Modeling the co-evolution of cities and networks},
journal={In Niel, Z., Rozenblat, C., eds. Handbook of Cities and Networks, Edwar Elgar Publishing, in press.}
}


@article{raimbault2020indirect,
  title={Indirect evidence of network effects in a system of cities},
  author={Raimbault, Juste},
  journal={Environment and Planning B: Urban Analytics and City Science},
  volume={47},
  number={1},
  pages={138--155},
  year={2020},
  publisher={SAGE Publications Sage UK: London, England}
}

@article{raimbault2020scala,
  title={A scala library for spatial sensitivity analysis},
  author={Raimbault, Juste and Perret, Julien and Reuillon, Romain},
  journal={Proceedings of GISRUK 2020},
  year={2020}
}

@inproceedings{milton2019accelerating,
  title={Accelerating Urban Modelling Algorithms with Artificial Intelligence},
  author={Milton, Richard and Roumpani, Flora},
  booktitle={Proceedings of the 5th International Conference on Geographical Information Systems Theory, Applications and Management},
  volume={1},
  pages={105--116},
  year={2019},
  organization={INSTICC}
}

e

@article{bourgine2009french,
  title={French roadmap for complex systems 2008-2009},
  author={Bourgine, Paul and Chavalarias, David and Perrier, Edith and Amblard, Frederic and Arlabosse, Francois and Auger, Pierre and Baillon, Jean-Bernard and Barreteau, Olivier and Baudot, Pierre and Bouchaud, Elisabeth and others},
  journal={arXiv preprint arXiv:0907.2221},
  year={2009}
}

@article{raimbault2020empowering,
  title={Empowering Urban Governance through Urban Science: Multi-Scale Dynamics of Urban Systems Worldwide},
  author={Raimbault, Juste and Denis, Eric and Pumain, Denise},
  journal={Sustainability},
  volume={12},
  number={15},
  pages={5954},
  year={2020},
  publisher={Multidisciplinary Digital Publishing Institute}
}

@article{raimbault2019multi,
  title={Multi-dimensional Urban Network Percolation},
  author={Raimbault, Juste},
  journal={Journal of Interdisciplinary Methodologies and Issues in Sciences},
  year={2019},
  publisher={Episciences. org}
}

@phdthesis{banos2013pour,
  title={Pour des pratiques de mod{\'e}lisation et de simulation lib{\'e}r{\'e}es en g{\'e}ographie et SHS},
  author={Banos, Arnaud},
  year={2013},
  school={Universit{\'e} Paris 1 Panth{\'e}on Sorbonne}
}

@article{batty2014can,
  title={Can it happen again? Planning support, Lee's Requiem and the rise of the smart cities movement},
  author={Batty, Michael},
  journal={Environment and Planning B: Planning and Design},
  volume={41},
  number={3},
  pages={388--391},
  year={2014},
  publisher={SAGE Publications Sage UK: London, England}
}

@article{lee1973requiem,
  title={Requiem for large-scale models},
  author={Lee Jr, Douglass B},
  journal={Journal of the American Institute of planners},
  volume={39},
  number={3},
  pages={163--178},
  year={1973},
  publisher={Taylor \& Francis}
}

@inproceedings{raimbault2017applied,
  title={An Applied Knowledge Framework to Study Complex Systems},
  author={Raimbault, Juste},
  booktitle={Complex Systems Design \& Management},
  pages={31--45},
  year={2017}
}


@inproceedings{raimbault2018multi,
  title={Multi-modeling the morphogenesis of transportation networks},
  author={Raimbault, Juste},
  booktitle={Artificial Life Conference Proceedings},
  pages={382--383},
  year={2018},
  organization={MIT Press}
}


@article{raimbault2019exploration,
  title={Exploration of an interdisciplinary scientific landscape},
  author={Raimbault, Juste},
  journal={Scientometrics},
  pages={1--25},
  year={2019},
  publisher={Springer}
}



@incollection{raimbault2015user,
  title={User-based solutions for increasing level of service in bike-sharing transportation systems},
  author={Raimbault, Juste},
  booktitle={Complex Systems Design \& Management},
  pages={31--44},
  year={2015},
  publisher={Springer}
}


@inproceedings{raimbault2018systematic,
  title={A systematic comparison of interaction models for systems of cities},
  author={Raimbault, Juste},
  booktitle={Conference on Complex Systems 2018},
  year={2018}
}


@inproceedings{pumain2018from,
  title={From ERC GeoDiverCity : Knowledge accelerator and pending questions},
  author={Pumain, D.},
  booktitle={Conference on Complex Systems 2018},
  year={2018}
}





@inproceedings{raimbault2018extracting,
  title={Extracting knowledge from simulation models: trends and perspectives from the viewpoint of quantitative geography},
  author={Raimbault, Juste},
  booktitle={Conference on Complex Systems 2018},
  year={2018}
}


@article{pumain2003approche,
	Author = {Pumain, Denise},
	Journal = {G{\'e}ocarrefour},
	Number = {1},
	Pages = {25--31},
	Title = {Une approche de la complexit{\'e} en g{\'e}ographie},
	Volume = {78},
	Year = {2003}}



@inproceedings{cottineau2017initial,
  title={Initial spatial conditions in simulation models: the missing leg of sensitivity analyses?},
  author={Cottineau, Cl{\'e}mentine and Raimbault, Juste and Le Texier, Marion and Le N{\'e}chet, Florent and Reuillon, Romain},
  booktitle={2017 International Conference on GeoComputation: Celebrating 21 Years of GeoComputation},
  year={2017}
}


@article{banos2015importance,
  title={The importance of being hybrid for spatial epidemic models: a multi-scale approach},
  author={Banos, Arnaud and Corson, Nathalie and Gaudou, Benoit and Laperri{\`e}re, Vincent and Coyrehourcq, S{\'e}bastien Rey},
  journal={Systems},
  volume={3},
  number={4},
  pages={309--329},
  year={2015},
  publisher={Multidisciplinary Digital Publishing Institute}
}


@phdthesis{arduin2018modelisation,
  title={Mod{\'e}lisation math{\'e}matique des interactions entre pathog{\`e}nes chez lâ€™h{\^o}te humain: Application aux virus de la grippe et au pneumocoque},
  author={Arduin, H{\'e}l{\`e}ne},
  year={2018},
  school={Universit{\'e} Paris-Saclay}
}


@inproceedings{lavallee2018dynamical,
  title={A dynamical model for the growth of a stand of Japanese knotweed including mowing as a management technique},
  author={Lavall{\'e}e, F. and Alvarez, I. and Dommanget, F. and Martin, S. and Reineking, B. and Smadi, C.},
	booktitle={Conference on Complex Systems 2018},
	year={2018}
}

@article{passerat2017reproducible,
  title={Reproducible Large-Scale Neuroimaging Studies with the OpenMOLE Workflow Management System},
  author={Passerat-Palmbach, Jonathan and Reuillon, Romain and Leclaire, Mathieu and Makropoulos, Antonios and Robinson, Emma C and Parisot, Sarah and Rueckert, Daniel},
  journal={Frontiers in neuroinformatics},
  volume={11},
  pages={21},
  year={2017},
  publisher={Frontiers}
}


@inproceedings{raimbault2017applied,
  title={An Applied Knowledge Framework to Study Complex Systems},
  author={Raimbault, Juste},
  booktitle={Complex Systems Design \& Management},
  pages={31--45},
  year={2017}
}

@inproceedings{raimbault2014hybrid,
  title={A Hybrid Network/Grid Model of Urban Morphogenesis and Optimization},
  author={Raimbault, Juste and Banos, Arnaud and Doursat, Ren{\'e}},
  booktitle={4th International Conference on Complex Systems and Applications},
  pages={51--60},
  year={2014}
}

@article{openshaw1987mark,
  title={A mark 1 geographical analysis machine for the automated analysis of point data sets},
  author={Openshaw, Stan and Charlton, Martin and Wymer, Colin and Craft, Alan},
  journal={International Journal of Geographical Information System},
  volume={1},
  number={4},
  pages={335--358},
  year={1987},
  publisher={Taylor \& Francis}
}


@book{behnisch2018trends,
  title={Trends in Spatial Analysis and Modelling},
  author={Behnisch, Martin and Meinel, Gotthard},
  year={2018},
  publisher={Springer}
}



@inproceedings{perez2016agent,
	Author = {Perez, Pascal and Banos, Arnaud and Pettit, Chris},
	Booktitle = {International Workshop on Agent Based Modelling of Urban Systems},
	Organization = {Springer},
	Pages = {60--69},
	Title = {Agent-Based Modelling for Urban Planning Current Limitations and Future Trends},
	Year = {2016}}



@article{arribas2018geography,
  title={Geography and computers: Past, present, and future},
  author={Arribas-Bel, Dani and Reades, Jon},
  journal={Geography Compass},
  pages={e12403},
  year={2018},
  publisher={Wiley Online Library}
}
