%% This BibTeX bibliography file was created using BibDesk.
%% http://bibdesk.sourceforge.net/

%% Created for Juste Raimbault at 2017-10-10 18:09:14 +0200 


%% Saved with string encoding Unicode (UTF-8) 


@comment{put your biblio here in bibtex format}







@article{brown2009models,
  title={Models and perspectives on stage: remarks on Giere’s scientific perspectivism},
  author={Brown, Matthew J},
  journal={Studies in History and Philosophy of Science Part A},
  volume={40},
  number={2},
  pages={213--220},
  year={2009},
  publisher={Elsevier}
}



@article{chavalarias2016s,
  title={What's wrong with Science?},
  author={Chavalarias, David},
  journal={Scientometrics},
  pages={1--23},
  year={2016},
  publisher={Springer}
}



@book{hofstadter1980godel,
  title={G{\"o}del, Escher, Bach: An Eternal Golden Braid; a Metaphoric Fugue on Minds and Machines in the Spirit of Lewis Carroll .},
  author={Hofstadter, Douglas H},
  year={1999},
  publisher={Basic Books, ISBN: 0465026567}
}


@ARTICLE{2017arXiv170401407M,
   author = {{Moulin-Frier}, C. and {Puigb{\`o}}, J.-Y. and {Arsiwalla}, X.~D. and 
	{Sanchez-Fibla}, M. and {Verschure}, P.~F.~M.~J.},
    title = {Embodied Artificial Intelligence through Distributed Adaptive Control: An Integrated Framework},
  journal = {ArXiv e-prints},
archivePrefix = {arXiv},
   eprint = {1704.01407},
 primaryClass = {cs.AI},
 keywords = {Computer Science - Artificial Intelligence, Computer Science - Learning, Computer Science - Multiagent Systems},
     year = {2017},
    month = {apr},
   adsurl = {http://adsabs.harvard.edu/abs/2017arXiv170401407M},
  adsnote = {Provided by the SAO/NASA Astrophysics Data System}
}



@book{cronin2014beyond,
  title={Beyond bibliometrics: Harnessing multidimensional indicators of scholarly impact},
  author={Cronin, Blaise and Sugimoto, Cassidy R},
  year={2014},
  publisher={MIT Press, Cambridge, ISBN: 9780262026796}
}


@book{kuhn1970structure,
  title={The structure of scientific revolutions},
  author={Kuhn, Thomas S},
  year={2012},
  publisher={The University of Chicago Press, Chicago, ISBN: 9780226458120}
}


@misc{raimbault2017entretiens,
  title={Entretiens v0.2 [Data set]. Zenodo. http://doi.org/10.5281/zenodo.556331},
  author={Raimbault, Juste},
  year={2017}
}



@inproceedings{raimbault:halshs-01505084,
  TITLE = {{Un Cadre de Connaissances pour une G{\'e}ographie Int{\'e}gr{\'e}e}},
  AUTHOR = {Raimbault, Juste},
  URL = {https://halshs.archives-ouvertes.fr/halshs-01505084},
  BOOKTITLE = {{Journ{\'e}e des jeunes chercheurs de l'Institut de G{\'e}ographie de Paris}},
  ADDRESS = {Paris, France},
  YEAR = {2017},
  MONTH = Apr,
  KEYWORDS = {Cadre de Connaissances  ;  Integration des Domaines},
  HAL_ID = {halshs-01505084},
  HAL_VERSION = {v1},
}




@article{balbo2016positionnement,
  title={Positionnement des syst{\`e}mes multi-agents pour les syst{\`e}mes de transport intelligents},
  author={Balbo, Flavien and Adam, Emmanuel and Mandiau, Ren{\'e}},
  journal={Revue des Sciences et Technologies de l'Information-S{\'e}rie RIA: Revue d'Intelligence Artificielle},
  volume={30},
  number={3},
  pages={299--327},
  year={2016}
}



@phdthesis{moreno2016etude,
  title={Etude du comportement des tunnels en ma{\c{c}}onnerie du m{\'e}tro parisien},
  author={Moreno Regan, Omar},
  year={2016},
  school={Paris Est}
}



@inproceedings{belmonte2008automatisation,
  title={Automatisation int{\'e}grale de la ligne 1: {\'e}tude et mod{\'e}lisation du trafic mixte},
  author={Belmonte, Myl{\`e}ne and Churchill, Gerald and Schon, Walter and Boulanger, Jean-Louis},
  booktitle={Lambda-Mu},
  pages={Session--5B},
  year={2008}
}

@article{foot1994ratp,
  title={RATP, un corporatisme {\`a} l'{\'e}preuve des voyageurs},
  author={Foot, Robin},
  journal={Travail},
  volume={31},
  pages={63--100},
  year={1994}
}


@inproceedings{hatchuel1988stations,
  title={Des stations de m{\'e}tro en mouvement: Station 2000, un sc{\'e}nario prospectif},
  author={Hatchuel, Armand and Pallez, Fr{\'e}d{\'e}rique and P{\'e}ny, Andr{\'e}},
  booktitle={Les Annales de la recherche urbaine},
  volume={39},
  number={1},
  pages={35--42},
  year={1988},
  organization={Pers{\'e}e-Portail des revues scientifiques en SHS}
}


@article{foot2005faut,
  title={Faut-il prot{\'e}ger le m{\'e}tro des voyageurs? Ou l'appr{\'e}hension du voyageur par les ing{\'e}nieurs et les conducteurs},
  author={Foot, Robin},
  journal={Travailler},
  number={2},
  pages={169--206},
  year={2005},
  publisher={Martin media}
}





@misc{pumain2017book,
	Author = {Pumain, Denise and Reuillon, Romain},
	Title = {Urban Dynamics and Simulation Models},
	Year = {2017}}




@misc{batty2012smart,
	Author = {Batty, Michael},
	Title = {Smart cities, big data},
	Year = {2012}}



@article{bergeaud2017classifying,
  title={Classifying Patents Based on their Semantic Cntent},
  author={Bergeaud, Antonin and Potiron, Yoann and Raimbault, Juste},
  journal={arXiv:},
  year={2017}
}


@inproceedings{losavio2017modeling,
  title={Modeling Residential Dynamics in a Mega-city Region: the Case of Pearl River Delta, China},
  author={Losavio, Cinzia and Raimbault, Juste},
  booktitle={Urban China International Conference, London, 6-7th May 2017},
  year={2017}
}


@misc{rescience,
  author = {ReScience},
  year = {2015},
  title={ReScience Journal, https://rescience.github.io/}
}

@article{cuyala2013diffusion,
  title={La diffusion de la g{\'e}ographie th{\'e}orique et quantitative europ{\'e}enne francophone d’apr{\`e}s les r{\'e}seaux de communications aux colloques europ{\'e}ens (1978-2011)},
  author={Cuyala, Sylvain},
  journal={Cybergeo: European Journal of Geography},
  year={2013},
  publisher={CNRS-UMR G{\'e}ographie-cit{\'e}s 8504}
}



@article{pumain2002role,
  title={Le r{\^o}le des math{\'e}matiques dans une {\guillemotleft}r{\'e}volution{\guillemotright} th{\'e}orique et quantitative: la g{\'e}ographie fran{\c{c}}aise depuis les ann{\'e}es 1970},
  author={Pumain, Denise and Robic, Marie-Claire},
  journal={Revue d'histoire des sciences humaines},
  number={1},
  pages={123--144},
  year={2002},
  publisher={Ed. Sc. Humaines}
}




@book{feyerabend1993against,
  title={Against method},
  author={Feyerabend, Paul},
  year={2010},
  publisher={Verso, ISBN: 9781844674428}
}

@inproceedings{raimbault2016towards,
  title={Towards a Theory of Co-evolutive Networked Territorial Systems: Insights from Transportation Governance Modeling in Pearl River Delta, China},
  author={Raimbault, Juste},
  booktitle={Medium Seminar-Urban Sustainable Development in Zhuhai},
  year={2016}
}


@article{giere2010agent,
  title={An agent-based conception of models and scientific representation},
  author={Giere, Ronald N},
  journal={Synthese},
  volume={172},
  number={2},
  pages={269--281},
  year={2010},
  publisher={Springer}
}



@book{giere2010explaining,
  title={Explaining science: A cognitive approach},
  author={Giere, Ronald N},
  year={1990},
  publisher={University of Chicago Press, Chicago, ISBN: 9780226292069}
}


@incollection{durantin2017disruptive,
	Author = {Durantin, Arnaud and Fanmuy, Gauthier and Miet, S{\'e}gol{\`e}ne and Pegon, Val{\'e}rie},
	Booktitle = {Complex Systems Design \& Management},
	Date-Added = {2017-03-27 15:50:48 +0000},
	Date-Modified = {2017-03-27 15:50:48 +0000},
	Pages = {41--56},
	Publisher = {Springer},
	Title = {Disruptive Innovation in Complex Systems},
	Year = {2016}}

@article{carlile2004transferring,
	Author = {Carlile, Paul R},
	Date-Added = {2017-03-27 12:13:14 +0000},
	Date-Modified = {2017-03-27 12:13:14 +0000},
	Journal = {Organization science},
	Number = {5},
	Pages = {555--568},
	Publisher = {INFORMS},
	Title = {Transferring, translating, and transforming: An integrative framework for managing knowledge across boundaries},
	Volume = {15},
	Year = {2004},
	Bdsk-File-1 = {YnBsaXN0MDDUAQIDBAUGJCVYJHZlcnNpb25YJG9iamVjdHNZJGFyY2hpdmVyVCR0b3ASAAGGoKgHCBMUFRYaIVUkbnVsbNMJCgsMDxJXTlMua2V5c1pOUy5vYmplY3RzViRjbGFzc6INDoACgAOiEBGABIAFgAdccmVsYXRpdmVQYXRoWWFsaWFzRGF0YV8QMkJpYmxpby9JbnRlZ3JhdGl2ZUZyYW1ld29ya0lubm92YXRpb25fMzAwMzQ3NTcucGRm0hcLGBlXTlMuZGF0YU8RAqoAAAAAAqoAAgAADE1hY2ludG9zaCBIRAAAAAAAAAAAAAAAAAAAAMpBBgxIKwAABIVa2B9JbnRlZ3JhdGl2ZUZyYW1ld29yIzQ4NTVCMTYucGRmAAAAAAAAAAAAAAAAAAAAAAAAAAAAAAAAAAAAAAAAAAAEhVsW1P7OWAAAAAAAAAAAAAEAAwAACSAAAAAAAAAAAAAAAAAAAAAGQmlibGlvABAACAAAykDp7AAAABEACAAA1P6yOAAAAAEALASFWtgEgjriBHn3VwR+nyADGjfGAiH5LwIh+RAAkMIpAAUCFQAFAhQAAL7sAAIAnk1hY2ludG9zaCBIRDpVc2VyczoASnVzdGU6AERvY3VtZW50czoAQ29tcGxleFN5c3RlbXM6AENpdHlOZXR3b3JrOgBEb2NzOgBDb21tdW5pY2F0aW9uczoAMjAxNzoASklHMjAxNzoAQ29tbXVuaWNhdGlvbjoAQmlibGlvOgBJbnRlZ3JhdGl2ZUZyYW1ld29yIzQ4NTVCMTYucGRmAA4AWAArAEkAbgB0AGUAZwByAGEAdABpAHYAZQBGAHIAYQBtAGUAdwBvAHIAawBJAG4AbgBvAHYAYQB0AGkAbwBuAF8AMwAwADAAMwA0ADcANQA3AC4AcABkAGYADwAaAAwATQBhAGMAaQBuAHQAbwBzAGgAIABIAEQAEgCSVXNlcnMvSnVzdGUvRG9jdW1lbnRzL0NvbXBsZXhTeXN0ZW1zL0NpdHlOZXR3b3JrL0RvY3MvQ29tbXVuaWNhdGlvbnMvMjAxNy9KSUcyMDE3L0NvbW11bmljYXRpb24vQmlibGlvL0ludGVncmF0aXZlRnJhbWV3b3JrSW5ub3ZhdGlvbl8zMDAzNDc1Ny5wZGYAEwABLwAAFQACAAz//wAAgAbSGxwdHlokY2xhc3NuYW1lWCRjbGFzc2VzXU5TTXV0YWJsZURhdGGjHR8gVk5TRGF0YVhOU09iamVjdNIbHCIjXE5TRGljdGlvbmFyeaIiIF8QD05TS2V5ZWRBcmNoaXZlctEmJ1Ryb290gAEACAARABoAIwAtADIANwBAAEYATQBVAGAAZwBqAGwAbgBxAHMAdQB3AIQAjgDDAMgA0AN+A4ADhQOQA5kDpwOrA7IDuwPAA80D0APiA+UD6gAAAAAAAAIBAAAAAAAAACgAAAAAAAAAAAAAAAAAAAPs}}

@article{gemino2004framework,
	Author = {Gemino, Andrew and Wand, Yair},
	Date-Added = {2017-03-27 12:04:48 +0000},
	Date-Modified = {2017-03-27 12:04:48 +0000},
	Journal = {Requirements Engineering},
	Number = {4},
	Pages = {248--260},
	Publisher = {Springer},
	Title = {A framework for empirical evaluation of conceptual modeling techniques},
	Volume = {9},
	Year = {2004},
	Bdsk-File-1 = {YnBsaXN0MDDUAQIDBAUGJCVYJHZlcnNpb25YJG9iamVjdHNZJGFyY2hpdmVyVCR0b3ASAAGGoKgHCBMUFRYaIVUkbnVsbNMJCgsMDxJXTlMua2V5c1pOUy5vYmplY3RzViRjbGFzc6INDoACgAOiEBGABIAFgAdccmVsYXRpdmVQYXRoWWFsaWFzRGF0YV8QRkJpYmxpby9FdmFsdWF0aW9uQ29uY2VwdHVhbE1vZGVsX2FydCUzQTEwLjEwMDclMkZzMDA3NjYtMDA0LTAyMDQtNi5wZGbSFwsYGVdOUy5kYXRhTxEC5gAAAAAC5gACAAAMTWFjaW50b3NoIEhEAAAAAAAAAAAAAAAAAAAAykEGDEgrAAAEhVrYH0V2YWx1YXRpb25Db25jZXB0dWEjNDg1NUFENS5wZGYAAAAAAAAAAAAAAAAAAAAAAAAAAAAAAAAAAAAAAAAAAASFWtXU/sy2AAAAAAAAAAAAAQADAAAJIAAAAAAAAAAAAAAAAAAAAAZCaWJsaW8AEAAIAADKQOnsAAAAEQAIAADU/rCWAAAAAQAsBIVa2ASCOuIEefdXBH6fIAMaN8YCIfkvAiH5EACQwikABQIVAAUCFAAAvuwAAgCeTWFjaW50b3NoIEhEOlVzZXJzOgBKdXN0ZToARG9jdW1lbnRzOgBDb21wbGV4U3lzdGVtczoAQ2l0eU5ldHdvcms6AERvY3M6AENvbW11bmljYXRpb25zOgAyMDE3OgBKSUcyMDE3OgBDb21tdW5pY2F0aW9uOgBCaWJsaW86AEV2YWx1YXRpb25Db25jZXB0dWEjNDg1NUFENS5wZGYADgCAAD8ARQB2AGEAbAB1AGEAdABpAG8AbgBDAG8AbgBjAGUAcAB0AHUAYQBsAE0AbwBkAGUAbABfAGEAcgB0ACUAMwBBADEAMAAuADEAMAAwADcAJQAyAEYAcwAwADAANwA2ADYALQAwADAANAAtADAAMgAwADQALQA2AC4AcABkAGYADwAaAAwATQBhAGMAaQBuAHQAbwBzAGgAIABIAEQAEgCmVXNlcnMvSnVzdGUvRG9jdW1lbnRzL0NvbXBsZXhTeXN0ZW1zL0NpdHlOZXR3b3JrL0RvY3MvQ29tbXVuaWNhdGlvbnMvMjAxNy9KSUcyMDE3L0NvbW11bmljYXRpb24vQmlibGlvL0V2YWx1YXRpb25Db25jZXB0dWFsTW9kZWxfYXJ0JTNBMTAuMTAwNyUyRnMwMDc2Ni0wMDQtMDIwNC02LnBkZgATAAEvAAAVAAIADP//AACABtIbHB0eWiRjbGFzc25hbWVYJGNsYXNzZXNdTlNNdXRhYmxlRGF0YaMdHyBWTlNEYXRhWE5TT2JqZWN00hscIiNcTlNEaWN0aW9uYXJ5oiIgXxAPTlNLZXllZEFyY2hpdmVy0SYnVHJvb3SAAQAIABEAGgAjAC0AMgA3AEAARgBNAFUAYABnAGoAbABuAHEAcwB1AHcAhACOANcA3ADkA84D0APVA+AD6QP3A/sEAgQLBBAEHQQgBDIENQQ6AAAAAAAAAgEAAAAAAAAAKAAAAAAAAAAAAAAAAAAABDw=}}





@article{brand2013accelerating,
  title={Accelerating the transformation to a low carbon passenger transport system: The role of car purchase taxes, feebates, road taxes and scrappage incentives in the UK},
  author={Brand, Christian and Anable, Jillian and Tran, Martino},
  journal={Transportation Research Part A: Policy and Practice},
  volume={49},
  pages={132--148},
  year={2013},
  publisher={Elsevier}
}




@article{fullerton2002can,
  title={Can taxes on cars and on gasoline mimic an unavailable tax on emissions?},
  author={Fullerton, Don and West, Sarah E},
  journal={Journal of Environmental Economics and Management},
  volume={43},
  number={1},
  pages={135--157},
  year={2002},
  publisher={Elsevier}
}


@inproceedings{lee2009determinants,
  title={Determinants of crime incidence in Korea: a mixed GWR approach},
  author={Lee, SeongWoo and Kang, DongWoo and Kim, MiYoung},
  booktitle={World conference of the spatial econometrics association},
  pages={8--10},
  year={2009}
}


@article{chen2012using,
  title={Using multilevel modeling and geographically weighted regression to identify spatial variations in the relationship between place-level disadvantages and obesity in Taiwan},
  author={Chen, Duan-Rung and Truong, Khoa},
  journal={Applied Geography},
  volume={32},
  number={2},
  pages={737--745},
  year={2012},
  publisher={Elsevier}
}



@article{tsai2005quantifying,
  title={Quantifying urban form: compactness versus' sprawl'},
  author={Tsai, Yu-Hsin},
  journal={Urban studies},
  volume={42},
  number={1},
  pages={141--161},
  year={2005},
  publisher={Sage Publications Sage UK: London, England}
}



@article{jones1991specifying,
  title={Specifying and estimating multi-level models for geographical research},
  author={Jones, Kelvyn},
  journal={Transactions of the institute of British geographers},
  pages={148--159},
  year={1991},
  publisher={JSTOR}
}



@article{gautier2015dynamics,
  title={The dynamics of gasoline prices: Evidence from daily French micro data},
  author={Gautier, Erwan and Saout, Ronan Le},
  journal={Journal of Money, Credit and Banking},
  volume={47},
  number={6},
  pages={1063--1089},
  year={2015},
  publisher={Wiley Online Library}
}


@article{tan2013social,
  title={Social-network-sourced big data analytics},
  author={Tan, Wei and Blake, M Brian and Saleh, Iman and Dustdar, Schahram},
  journal={IEEE Internet Computing},
  volume={17},
  number={5},
  pages={62--69},
  year={2013},
  publisher={IEEE}
}



@article{brunsdon1996geographically,
  title={Geographically weighted regression: a method for exploring spatial nonstationarity},
  author={Brunsdon, Chris and Fotheringham, A Stewart and Charlton, Martin E},
  journal={Geographical analysis},
  volume={28},
  number={4},
  pages={281--298},
  year={1996},
  publisher={Wiley Online Library}
}


@article{dupuy2015sciences,
  title={Sciences urbaines: interdisciplinarit{\'e}s passive, na{\"\i}ve, transitive, offensive},
  author={Dupuy, Gabriel and Benguigui, Lucien Gilles},
  journal={M{\'e}tropoles},
  number={16},
  year={2015},
  publisher={ENTPE}
}


@article{batty2013big,
	Author = {Batty, Michael},
	Date-Added = {2017-03-20 10:20:20 +0000},
	Date-Modified = {2017-03-20 10:20:20 +0000},
	Journal = {Dialogues in Human Geography},
	Number = {3},
	Pages = {274--279},
	Publisher = {SAGE Publications Sage UK: London, England},
	Title = {Big data, smart cities and city planning},
	Volume = {3},
	Year = {2013},
	Bdsk-File-1 = {YnBsaXN0MDDUAQIDBAUGJCVYJHZlcnNpb25YJG9iamVjdHNZJGFyY2hpdmVyVCR0b3ASAAGGoKgHCBMUFRYaIVUkbnVsbNMJCgsMDxJXTlMua2V5c1pOUy5vYmplY3RzViRjbGFzc6INDoACgAOiEBGABIAFgAdccmVsYXRpdmVQYXRoWWFsaWFzRGF0YV8QMy4uLy4uL0JpYmxpby9Eb2NzL0JhdHR5QmlnRGF0YV8yMDQzODIwNjEzNTEzMzkwLnBkZtIXCxgZV05TLmRhdGFPEQIiAAAAAAIiAAIAAAxNYWNpbnRvc2ggSEQAAAAAAAAAAAAAAAAAAADKQQYMSCsAAARZeP0fQmF0dHlCaWdEYXRhXzIwNDM4MiM0ODNGM0MyLnBkZgAAAAAAAAAAAAAAAAAAAAAAAAAAAAAAAAAAAAAAAAAABIPzwtT1azIAAAAAAAAAAAACAAMAAAkgAAAAAAAAAAAAAAAAAAAABERvY3MAEAAIAADKQOnsAAAAEQAIAADU9V0iAAAAAQAcBFl4/QRZePsEWXj5AJDCKQAFAhUABQIUAAC+7AACAHBNYWNpbnRvc2ggSEQ6VXNlcnM6AEp1c3RlOgBEb2N1bWVudHM6AENvbXBsZXhTeXN0ZW1zOgBFbmVyZ3lQcmljZToAQmlibGlvOgBEb2NzOgBCYXR0eUJpZ0RhdGFfMjA0MzgyIzQ4M0YzQzIucGRmAA4ARAAhAEIAYQB0AHQAeQBCAGkAZwBEAGEAdABhAF8AMgAwADQAMwA4ADIAMAA2ADEAMwA1ADEAMwAzADkAMAAuAHAAZABmAA8AGgAMAE0AYQBjAGkAbgB0AG8AcwBoACAASABEABIAXlVzZXJzL0p1c3RlL0RvY3VtZW50cy9Db21wbGV4U3lzdGVtcy9FbmVyZ3lQcmljZS9CaWJsaW8vRG9jcy9CYXR0eUJpZ0RhdGFfMjA0MzgyMDYxMzUxMzM5MC5wZGYAEwABLwAAFQACAAz//wAAgAbSGxwdHlokY2xhc3NuYW1lWCRjbGFzc2VzXU5TTXV0YWJsZURhdGGjHR8gVk5TRGF0YVhOU09iamVjdNIbHCIjXE5TRGljdGlvbmFyeaIiIF8QD05TS2V5ZWRBcmNoaXZlctEmJ1Ryb290gAEACAARABoAIwAtADIANwBAAEYATQBVAGAAZwBqAGwAbgBxAHMAdQB3AIQAjgDEAMkA0QL3AvkC/gMJAxIDIAMkAysDNAM5A0YDSQNbA14DYwAAAAAAAAIBAAAAAAAAACgAAAAAAAAAAAAAAAAAAANl}}

@article{combes2005transport,
	Author = {Combes, Pierre-Philippe and Lafourcade, Miren},
	Journal = {Journal of Economic Geography},
	Number = {3},
	Pages = {319--349},
	Publisher = {Oxford Univ Press},
	Title = {Transport costs: measures, determinants, and regional policy implications for France},
	Volume = {5},
	Year = {2005}}

@article{gregg2009temporal,
	Author = {Gregg, Jay S and Losey, London M and Andres, Robert J and Blasing, TJ and Marland, Gregg},
	Journal = {Journal of Applied Meteorology and Climatology},
	Number = {12},
	Pages = {2528--2542},
	Title = {The temporal and spatial distribution of carbon dioxide emissions from fossil-fuel use in North America},
	Volume = {48},
	Year = {2009}}

@article{macharis2010decision,
	Author = {Macharis, Cathy and Van Hoeck, Ellen and Pekin, Ethem and Van Lier, Tom},
	Journal = {Transportation Research Part A: Policy and Practice},
	Number = {7},
	Pages = {550--561},
	Publisher = {Elsevier},
	Title = {A decision analysis framework for intermodal transport: Comparing fuel price increases and the internalisation of external costs},
	Volume = {44},
	Year = {2010}}

@article{rietveld2005fuel,
	Author = {Rietveld, Piet and van Woudenberg, Stefan},
	Journal = {Energy Economics},
	Number = {1},
	Pages = {79--92},
	Publisher = {Elsevier},
	Title = {Why fuel prices differ},
	Volume = {27},
	Year = {2005}}

@article{rietveld2001spatial,
	Author = {Rietveld, Piet and Bruinsma, FR and Van Vuuren, DJ},
	Journal = {Transportation Research Part A: Policy and Practice},
	Number = {5},
	Pages = {433--457},
	Publisher = {Elsevier},
	Title = {Spatial graduation of fuel taxes; consequences for cross-border and domestic fuelling},
	Volume = {35},
	Year = {2001}}






@article{daganzo2008analytical,
  title={An analytical approximation for the macroscopic fundamental diagram of urban traffic},
  author={Daganzo, Carlos F and Geroliminis, Nikolas},
  journal={Transportation Research Part B: Methodological},
  volume={42},
  number={9},
  pages={771--781},
  year={2008},
  publisher={Elsevier}
}

@article{treiber2010three,
  title={Three-phase traffic theory and two-phase models with a fundamental diagram in the light of empirical stylized facts},
  author={Treiber, Martin and Kesting, Arne and Helbing, Dirk},
  journal={Transportation Research Part B: Methodological},
  volume={44},
  number={8-9},
  pages={983--1000},
  year={2010},
  publisher={Elsevier}
}

@article{rao2012measuring,
  title={Measuring Urban Traffic Congestion-A Review.},
  author={Rao, Amudapuram Mohan and Rao, Kalaga Ramachandra},
  journal={International Journal for Traffic \& Transport Engineering},
  volume={2},
  number={4},
  year={2012}
}



@article{grimm2005pattern,
	Author = {Grimm, Volker and Revilla, Eloy and Berger, Uta and Jeltsch, Florian and Mooij, Wolf M and Railsback, Steven F and Thulke, Hans-Hermann and Weiner, Jacob and Wiegand, Thorsten and DeAngelis, Donald L},
	Date-Added = {2016-07-03 19:50:44 +0000},
	Date-Modified = {2016-07-03 19:50:44 +0000},
	Journal = {science},
	Number = {5750},
	Pages = {987--991},
	Publisher = {American Association for the Advancement of Science},
	Title = {Pattern-oriented modeling of agent-based complex systems: lessons from ecology},
	Volume = {310},
	Year = {2005}}

@article{rasmussen2015stochastic,
	Author = {Rasmussen, Thomas Kj{\ae}r and Watling, David Paul and Prato, Carlo Giacomo and Nielsen, Otto Anker},
	Date-Added = {2016-06-22 05:34:54 +0000},
	Date-Modified = {2016-06-22 05:34:54 +0000},
	Journal = {Transportation Research Part B: Methodological},
	Pages = {146--165},
	Publisher = {Elsevier},
	Title = {Stochastic user equilibrium with equilibrated choice sets: Part II--Solving the restricted SUE for the logit family},
	Volume = {77},
	Year = {2015},
	Bdsk-File-1 = {YnBsaXN0MDDUAQIDBAUGJCVYJHZlcnNpb25YJG9iamVjdHNZJGFyY2hpdmVyVCR0b3ASAAGGoKgHCBMUFRYaIVUkbnVsbNMJCgsMDxJXTlMua2V5c1pOUy5vYmplY3RzViRjbGFzc6INDoACgAOiEBGABIAFgAdccmVsYXRpdmVQYXRoWWFsaWFzRGF0YV8QJi4uLy4uLy4uL0JpYmxpby9Eb2NzL3Jhc211c3NlbjIwMTUucGRm0hcLGBlXTlMuZGF0YU8RAgAAAAAAAgAAAgAADE1hY2ludG9zaCBIRAAAAAAAAAAAAAAAAAAAAMpBBgxIKwAAAlXWTBFyYXNtdXNzZW4yMDE1LnBkZgAAAAAAAAAAAAAAAAAAAAAAAAAAAAAAAAAAAAAAAAAAAAAAAAAAAAAAAAAAAAAEU7Cm04/wCAAAAAAAAAAAAAMAAwAACSAAAAAAAAAAAAAAAAAAAAAERG9jcwAQAAgAAMpA6ewAAAARAAgAANOP0+gAAAABABwCVdZMAlXWSwJV1koAkMIpAAUCFQAFAhQAAL7sAAIAcE1hY2ludG9zaCBIRDpVc2VyczoASnVzdGU6AERvY3VtZW50czoAQ29tcGxleFN5c3RlbXM6AFRyYW5zcG9ydGF0aW9uRXF1aWxpYnJpdW06AEJpYmxpbzoARG9jczoAcmFzbXVzc2VuMjAxNS5wZGYADgAkABEAcgBhAHMAbQB1AHMAcwBlAG4AMgAwADEANQAuAHAAZABmAA8AGgAMAE0AYQBjAGkAbgB0AG8AcwBoACAASABEABIAXFVzZXJzL0p1c3RlL0RvY3VtZW50cy9Db21wbGV4U3lzdGVtcy9UcmFuc3BvcnRhdGlvbkVxdWlsaWJyaXVtL0JpYmxpby9Eb2NzL3Jhc211c3NlbjIwMTUucGRmABMAAS8AABUAAgAM//8AAIAG0hscHR5aJGNsYXNzbmFtZVgkY2xhc3Nlc11OU011dGFibGVEYXRhox0fIFZOU0RhdGFYTlNPYmplY3TSGxwiI1xOU0RpY3Rpb25hcnmiIiBfEA9OU0tleWVkQXJjaGl2ZXLRJidUcm9vdIABAAgAEQAaACMALQAyADcAQABGAE0AVQBgAGcAagBsAG4AcQBzAHUAdwCEAI4AtwC8AMQCyALKAs8C2gLjAvEC9QL8AwUDCgMXAxoDLAMvAzQAAAAAAAACAQAAAAAAAAAoAAAAAAAAAAAAAAAAAAADNg==}}

@article{puzis2013augmented,
	Author = {Puzis, Rami and Altshuler, Yaniv and Elovici, Yuval and Bekhor, Shlomo and Shiftan, Yoram and Pentland, Alex},
	Date-Added = {2016-06-22 05:33:04 +0000},
	Date-Modified = {2016-06-22 05:33:04 +0000},
	Journal = {Journal of Intelligent Transportation Systems},
	Number = {1},
	Pages = {91--105},
	Publisher = {Taylor \& Francis},
	Title = {Augmented betweenness centrality for environmentally aware traffic monitoring in transportation networks},
	Volume = {17},
	Year = {2013},
	Bdsk-File-1 = {YnBsaXN0MDDUAQIDBAUGJCVYJHZlcnNpb25YJG9iamVjdHNZJGFyY2hpdmVyVCR0b3ASAAGGoKgHCBMUFRYaIVUkbnVsbNMJCgsMDxJXTlMua2V5c1pOUy5vYmplY3RzViRjbGFzc6INDoACgAOiEBGABIAFgAdccmVsYXRpdmVQYXRoWWFsaWFzRGF0YV8QIi4uLy4uLy4uL0JpYmxpby9Eb2NzL3B1emlzMjAxMy5wZGbSFwsYGVdOUy5kYXRhTxEB8AAAAAAB8AACAAAMTWFjaW50b3NoIEhEAAAAAAAAAAAAAAAAAAAAykEGDEgrAAACVdZMDXB1emlzMjAxMy5wZGYAAAAAAAAAAAAAAAAAAAAAAAAAAAAAAAAAAAAAAAAAAAAAAAAAAAAAAAAAAAAAAAAAAARTsG3Tj++MAAAAAAAAAAAAAwADAAAJIAAAAAAAAAAAAAAAAAAAAAREb2NzABAACAAAykDp7AAAABEACAAA04/TbAAAAAEAHAJV1kwCVdZLAlXWSgCQwikABQIVAAUCFAAAvuwAAgBsTWFjaW50b3NoIEhEOlVzZXJzOgBKdXN0ZToARG9jdW1lbnRzOgBDb21wbGV4U3lzdGVtczoAVHJhbnNwb3J0YXRpb25FcXVpbGlicml1bToAQmlibGlvOgBEb2NzOgBwdXppczIwMTMucGRmAA4AHAANAHAAdQB6AGkAcwAyADAAMQAzAC4AcABkAGYADwAaAAwATQBhAGMAaQBuAHQAbwBzAGgAIABIAEQAEgBYVXNlcnMvSnVzdGUvRG9jdW1lbnRzL0NvbXBsZXhTeXN0ZW1zL1RyYW5zcG9ydGF0aW9uRXF1aWxpYnJpdW0vQmlibGlvL0RvY3MvcHV6aXMyMDEzLnBkZgATAAEvAAAVAAIADP//AACABtIbHB0eWiRjbGFzc25hbWVYJGNsYXNzZXNdTlNNdXRhYmxlRGF0YaMdHyBWTlNEYXRhWE5TT2JqZWN00hscIiNcTlNEaWN0aW9uYXJ5oiIgXxAPTlNLZXllZEFyY2hpdmVy0SYnVHJvb3SAAQAIABEAGgAjAC0AMgA3AEAARgBNAFUAYABnAGoAbABuAHEAcwB1AHcAhACOALMAuADAArQCtgK7AsYCzwLdAuEC6ALxAvYDAwMGAxgDGwMgAAAAAAAAAgEAAAAAAAAAKAAAAAAAAAAAAAAAAAAAAyI=}}

@book{bavoux2005geographie,
	Author = {Bavoux, Jean-Jacques and Beaucire, Francis and Chapelon, Laurent and Zembri, Pierre},
	Date-Added = {2016-06-21 22:15:51 +0000},
	Date-Modified = {2016-06-21 22:15:51 +0000},
	Publisher = {Paris},
	Title = {G{\'e}ographie des transports},
	Year = {2005}}

@article{sullivan2010identifying,
	Author = {Sullivan, JL and Novak, DC and Aultman-Hall, L and Scott, David M},
	Date-Added = {2016-06-21 22:15:17 +0000},
	Date-Modified = {2016-06-21 22:15:17 +0000},
	Journal = {Transportation Research Part A: Policy and Practice},
	Number = {5},
	Pages = {323--336},
	Publisher = {Elsevier},
	Title = {Identifying critical road segments and measuring system-wide robustness in transportation networks with isolating links: a link-based capacity-reduction approach},
	Volume = {44},
	Year = {2010}}

@article{tordeux2016jam,
	Author = {Tordeux, Antoine and Lassarre, Sylvain},
	Date-Added = {2016-06-21 22:13:04 +0000},
	Date-Modified = {2016-06-21 22:13:04 +0000},
	Journal = {arXiv preprint arXiv:1601.07713},
	Title = {Jam avoidance with autonomous systems},
	Year = {2016}}

@article{commenges2013invention,
	Author = {Commenges, H},
	Date-Added = {2016-06-21 22:11:14 +0000},
	Date-Modified = {2016-06-21 22:11:26 +0000},
	Journal = {Theses, Universit{\'e} Paris-Diderot-Paris VII},
	Title = {The invention of daily mobility : Performative aspects of the instruments of economics of transportation.},
	Year = {2013}}

@article{kryvobokov2013comparison,
	Author = {Kryvobokov, Marko and Chesneau, Jean-Baptiste and Bonnafous, Alain and Delons, Jean and Piron, Vincent},
	Date-Added = {2016-06-21 22:10:25 +0000},
	Date-Modified = {2016-06-21 22:10:25 +0000},
	Journal = {Transportation Research Record: Journal of the Transportation Research Board},
	Number = {2344},
	Pages = {49--58},
	Publisher = {Transportation Research Board of the National Academies},
	Title = {Comparison of static and dynamic land use-transport interaction models: PIRANDELLO and UrbanSim applications},
	Year = {2013}}

@article{tsai2005quantifying,
	Author = {Tsai, Yu-Hsin},
	Date-Added = {2016-06-21 22:08:36 +0000},
	Date-Modified = {2016-06-21 22:08:36 +0000},
	Journal = {Urban studies},
	Number = {1},
	Pages = {141--161},
	Publisher = {SAGE Publications},
	Title = {Quantifying urban form: compactness versus' sprawl'},
	Volume = {42},
	Year = {2005}}

@article{guo2011bounded,
	Author = {Guo, Xiaolei and Liu, Henry X},
	Date-Added = {2016-06-21 17:50:25 +0000},
	Date-Modified = {2016-06-21 17:50:25 +0000},
	Journal = {Transportation Research Part B: Methodological},
	Number = {10},
	Pages = {1606--1618},
	Publisher = {Elsevier},
	Title = {Bounded rationality and irreversible network change},
	Volume = {45},
	Year = {2011}}

@article{mahmassani1987boundedly,
	Author = {Mahmassani, Hani S and Chang, Gang-Len},
	Date-Added = {2016-06-21 17:49:13 +0000},
	Date-Modified = {2016-06-21 17:49:13 +0000},
	Journal = {Transportation science},
	Number = {2},
	Pages = {89--99},
	Publisher = {INFORMS},
	Title = {On boundedly rational user equilibrium in transportation systems},
	Volume = {21},
	Year = {1987}}

@article{wardrop1952road,
	Author = {Wardrop, John Glen},
	Date-Added = {2016-06-21 17:45:06 +0000},
	Date-Modified = {2016-06-21 17:45:46 +0000},
	Journal = {Proceedings of the institution of civil engineers},
	Number = {3},
	Pages = {325--362},
	Publisher = {Thomas Telford-ICE Virtual Library},
	Title = {Some theoretical aspects of road traffic research.},
	Volume = {1},
	Year = {1952}}

@article{sheffi1981comparison,
	Author = {Sheffi, Yosef and Powell, Warren},
	Date-Added = {2016-06-21 17:42:11 +0000},
	Date-Modified = {2016-06-21 17:42:11 +0000},
	Journal = {Transportation Research Part B: Methodological},
	Number = {1},
	Pages = {53--64},
	Publisher = {Elsevier},
	Title = {A comparison of stochastic and deterministic traffic assignment over congested networks},
	Volume = {15},
	Year = {1981},
	Bdsk-File-1 = {YnBsaXN0MDDUAQIDBAUGJCVYJHZlcnNpb25YJG9iamVjdHNZJGFyY2hpdmVyVCR0b3ASAAGGoKgHCBMUFRYaIVUkbnVsbNMJCgsMDxJXTlMua2V5c1pOUy5vYmplY3RzViRjbGFzc6INDoACgAOiEBGABIAFgAdccmVsYXRpdmVQYXRoWWFsaWFzRGF0YV8QSC4uLy4uLy4uL0JpYmxpby9Eb2NzL1RyYWZmaWNBc3NpZ25lbWVudF8xLXMyLjAtMDE5MTI2MTU4MTkwMDQ2MS1tYWluLnBkZtIXCxgZV05TLmRhdGFPEQJ0AAAAAAJ0AAIAAAxNYWNpbnRvc2ggSEQAAAAAAAAAAAAAAAAAAADKQQYMSCsAAAJV1kwfVHJhZmZpY0Fzc2lnbmVtZW50XyM0MTRFMTYxLnBkZgAAAAAAAAAAAAAAAAAAAAAAAAAAAAAAAAAAAAAAAAAABBThYdLmhOoAAAAAAAAAAAADAAMAAAkgAAAAAAAAAAAAAAAAAAAABERvY3MAEAAIAADKQOnsAAAAEQAIAADS5nbaAAAAAQAcAlXWTAJV1ksCVdZKAJDCKQAFAhUABQIUAAC+7AACAH5NYWNpbnRvc2ggSEQ6VXNlcnM6AEp1c3RlOgBEb2N1bWVudHM6AENvbXBsZXhTeXN0ZW1zOgBUcmFuc3BvcnRhdGlvbkVxdWlsaWJyaXVtOgBCaWJsaW86AERvY3M6AFRyYWZmaWNBc3NpZ25lbWVudF8jNDE0RTE2MS5wZGYADgBoADMAVAByAGEAZgBmAGkAYwBBAHMAcwBpAGcAbgBlAG0AZQBuAHQAXwAxAC0AcwAyAC4AMAAtADAAMQA5ADEAMgA2ADEANQA4ADEAOQAwADAANAA2ADEALQBtAGEAaQBuAC4AcABkAGYADwAaAAwATQBhAGMAaQBuAHQAbwBzAGgAIABIAEQAEgB+VXNlcnMvSnVzdGUvRG9jdW1lbnRzL0NvbXBsZXhTeXN0ZW1zL1RyYW5zcG9ydGF0aW9uRXF1aWxpYnJpdW0vQmlibGlvL0RvY3MvVHJhZmZpY0Fzc2lnbmVtZW50XzEtczIuMC0wMTkxMjYxNTgxOTAwNDYxLW1haW4ucGRmABMAAS8AABUAAgAM//8AAIAG0hscHR5aJGNsYXNzbmFtZVgkY2xhc3Nlc11OU011dGFibGVEYXRhox0fIFZOU0RhdGFYTlNPYmplY3TSGxwiI1xOU0RpY3Rpb25hcnmiIiBfEA9OU0tleWVkQXJjaGl2ZXLRJidUcm9vdIABAAgAEQAaACMALQAyADcAQABGAE0AVQBgAGcAagBsAG4AcQBzAHUAdwCEAI4A2QDeAOYDXgNgA2UDcAN5A4cDiwOSA5sDoAOtA7ADwgPFA8oAAAAAAAACAQAAAAAAAAAoAAAAAAAAAAAAAAAAAAADzA==}}

@article{pel2012review,
	Author = {Pel, Adam J and Bliemer, Michiel CJ and Hoogendoorn, Serge P},
	Date-Added = {2016-06-21 17:42:11 +0000},
	Date-Modified = {2016-06-21 17:42:11 +0000},
	Journal = {Transportation},
	Number = {1},
	Pages = {97--123},
	Publisher = {Springer},
	Title = {A review on travel behaviour modelling in dynamic traffic simulation models for evacuations},
	Volume = {39},
	Year = {2012},
	Bdsk-File-1 = {YnBsaXN0MDDUAQIDBAUGJCVYJHZlcnNpb25YJG9iamVjdHNZJGFyY2hpdmVyVCR0b3ASAAGGoKgHCBMUFRYaIVUkbnVsbNMJCgsMDxJXTlMua2V5c1pOUy5vYmplY3RzViRjbGFzc6INDoACgAOiEBGABIAFgAdccmVsYXRpdmVQYXRoWWFsaWFzRGF0YV8QSS4uLy4uLy4uL0JpYmxpby9Eb2NzL1RyYXZlbEJlaGF2aW9yX2FydCUzQTEwLjEwMDclMkZzMTExMTYtMDExLTkzMjAtNi5wZGbSFwsYGVdOUy5kYXRhTxECeAAAAAACeAACAAAMTWFjaW50b3NoIEhEAAAAAAAAAAAAAAAAAAAAykEGDEgrAAACVdZMH1RyYXZlbEJlaGF2aW9yX2FydCUjNDE0RTExMS5wZGYAAAAAAAAAAAAAAAAAAAAAAAAAAAAAAAAAAAAAAAAAAAQU4RHS5oTBAAAAAAAAAAAAAwADAAAJIAAAAAAAAAAAAAAAAAAAAAREb2NzABAACAAAykDp7AAAABEACAAA0uZ2sQAAAAEAHAJV1kwCVdZLAlXWSgCQwikABQIVAAUCFAAAvuwAAgB+TWFjaW50b3NoIEhEOlVzZXJzOgBKdXN0ZToARG9jdW1lbnRzOgBDb21wbGV4U3lzdGVtczoAVHJhbnNwb3J0YXRpb25FcXVpbGlicml1bToAQmlibGlvOgBEb2NzOgBUcmF2ZWxCZWhhdmlvcl9hcnQlIzQxNEUxMTEucGRmAA4AagA0AFQAcgBhAHYAZQBsAEIAZQBoAGEAdgBpAG8AcgBfAGEAcgB0ACUAMwBBADEAMAAuADEAMAAwADcAJQAyAEYAcwAxADEAMQAxADYALQAwADEAMQAtADkAMwAyADAALQA2AC4AcABkAGYADwAaAAwATQBhAGMAaQBuAHQAbwBzAGgAIABIAEQAEgB/VXNlcnMvSnVzdGUvRG9jdW1lbnRzL0NvbXBsZXhTeXN0ZW1zL1RyYW5zcG9ydGF0aW9uRXF1aWxpYnJpdW0vQmlibGlvL0RvY3MvVHJhdmVsQmVoYXZpb3JfYXJ0JTNBMTAuMTAwNyUyRnMxMTExNi0wMTEtOTMyMC02LnBkZgAAEwABLwAAFQACAAz//wAAgAbSGxwdHlokY2xhc3NuYW1lWCRjbGFzc2VzXU5TTXV0YWJsZURhdGGjHR8gVk5TRGF0YVhOU09iamVjdNIbHCIjXE5TRGljdGlvbmFyeaIiIF8QD05TS2V5ZWRBcmNoaXZlctEmJ1Ryb290gAEACAARABoAIwAtADIANwBAAEYATQBVAGAAZwBqAGwAbgBxAHMAdQB3AIQAjgDaAN8A5wNjA2UDagN1A34DjAOQA5cDoAOlA7IDtQPHA8oDzwAAAAAAAAIBAAAAAAAAACgAAAAAAAAAAAAAAAAAAAPR}}

@article{leurent2014user,
	Author = {Leurent, Fabien and Boujnah, Houda},
	Date-Added = {2016-06-21 17:42:11 +0000},
	Date-Modified = {2016-06-21 17:42:11 +0000},
	Journal = {Transportation Research Part C: Emerging Technologies},
	Pages = {28--46},
	Publisher = {Elsevier},
	Title = {A user equilibrium, traffic assignment model of network route and parking lot choice, with search circuits and cruising flows},
	Volume = {47},
	Year = {2014},
	Bdsk-File-1 = {YnBsaXN0MDDUAQIDBAUGJCVYJHZlcnNpb25YJG9iamVjdHNZJGFyY2hpdmVyVCR0b3ASAAGGoKgHCBMUFRYaIVUkbnVsbNMJCgsMDxJXTlMua2V5c1pOUy5vYmplY3RzViRjbGFzc6INDoACgAOiEBGABIAFgAdccmVsYXRpdmVQYXRoWWFsaWFzRGF0YV8QRS4uLy4uLy4uL0JpYmxpby9Eb2NzL0xldXJlbnRCb3VqbmFoXzEtczIuMC1TMDk2ODA5MFgxNDAwMjE2Mi1tYWluLnBkZtIXCxgZV05TLmRhdGFPEQJsAAAAAAJsAAIAAAxNYWNpbnRvc2ggSEQAAAAAAAAAAAAAAAAAAADKQQYMSCsAAAJV1kwfTGV1cmVudEJvdWpuYWhfMS1zMiM0MTRFMEVGLnBkZgAAAAAAAAAAAAAAAAAAAAAAAAAAAAAAAAAAAAAAAAAABBTg79LmhKgAAAAAAAAAAAADAAMAAAkgAAAAAAAAAAAAAAAAAAAABERvY3MAEAAIAADKQOnsAAAAEQAIAADS5naYAAAAAQAcAlXWTAJV1ksCVdZKAJDCKQAFAhUABQIUAAC+7AACAH5NYWNpbnRvc2ggSEQ6VXNlcnM6AEp1c3RlOgBEb2N1bWVudHM6AENvbXBsZXhTeXN0ZW1zOgBUcmFuc3BvcnRhdGlvbkVxdWlsaWJyaXVtOgBCaWJsaW86AERvY3M6AExldXJlbnRCb3VqbmFoXzEtczIjNDE0RTBFRi5wZGYADgBiADAATABlAHUAcgBlAG4AdABCAG8AdQBqAG4AYQBoAF8AMQAtAHMAMgAuADAALQBTADAAOQA2ADgAMAA5ADAAWAAxADQAMAAwADIAMQA2ADIALQBtAGEAaQBuAC4AcABkAGYADwAaAAwATQBhAGMAaQBuAHQAbwBzAGgAIABIAEQAEgB7VXNlcnMvSnVzdGUvRG9jdW1lbnRzL0NvbXBsZXhTeXN0ZW1zL1RyYW5zcG9ydGF0aW9uRXF1aWxpYnJpdW0vQmlibGlvL0RvY3MvTGV1cmVudEJvdWpuYWhfMS1zMi4wLVMwOTY4MDkwWDE0MDAyMTYyLW1haW4ucGRmAAATAAEvAAAVAAIADP//AACABtIbHB0eWiRjbGFzc25hbWVYJGNsYXNzZXNdTlNNdXRhYmxlRGF0YaMdHyBWTlNEYXRhWE5TT2JqZWN00hscIiNcTlNEaWN0aW9uYXJ5oiIgXxAPTlNLZXllZEFyY2hpdmVy0SYnVHJvb3SAAQAIABEAGgAjAC0AMgA3AEAARgBNAFUAYABnAGoAbABuAHEAcwB1AHcAhACOANYA2wDjA1MDVQNaA2UDbgN8A4ADhwOQA5UDogOlA7cDugO/AAAAAAAAAgEAAAAAAAAAKAAAAAAAAAAAAAAAAAAAA8E=}}

@article{hunt2015defining,
	Author = {Hunt, Brian R. and Ott, Edward},
	Date-Added = {2016-06-21 17:42:11 +0000},
	Date-Modified = {2016-06-21 17:42:11 +0000},
	Doi = {http://dx.doi.org/10.1063/1.4922973},
	Eid = 097618,
	Journal = {Chaos},
	Number = {9},
	Pages = {-},
	Title = {Defining chaos},
	Url = {http://scitation.aip.org/content/aip/journal/chaos/25/9/10.1063/1.4922973},
	Volume = {25},
	Year = {2015},
	Bdsk-Url-1 = {http://scitation.aip.org/content/aip/journal/chaos/25/9/10.1063/1.4922973},
	Bdsk-Url-2 = {http://dx.doi.org/10.1063/1.4922973}}

@inproceedings{zhu2010people,
	Author = {Zhu, Shanjiang and Levinson, David},
	Booktitle = {91th annual meeting of the Transportation Research Board, Washington},
	Date-Added = {2016-06-21 17:42:11 +0000},
	Date-Modified = {2016-06-21 17:42:11 +0000},
	Organization = {Citeseer},
	Title = {Do people use the shortest path? An empirical test of Wardrop's first principle},
	Volume = {8},
	Year = {2010},
	Bdsk-File-1 = {YnBsaXN0MDDUAQIDBAUGJCVYJHZlcnNpb25YJG9iamVjdHNZJGFyY2hpdmVyVCR0b3ASAAGGoKgHCBMUFRYaIVUkbnVsbNMJCgsMDxJXTlMua2V5c1pOUy5vYmplY3RzViRjbGFzc6INDoACgAOiEBGABIAFgAdccmVsYXRpdmVQYXRoWWFsaWFzRGF0YV8QRC4uLy4uLy4uL0JpYmxpby9Eb2NzL1Nob3J0ZXN0UGF0aEFzc3VtcHRpb25fam91cm5hbC5wb25lLjAxMzQzMjIucGRm0hcLGBlXTlMuZGF0YU8RAmgAAAAAAmgAAgAADE1hY2ludG9zaCBIRAAAAAAAAAAAAAAAAAAAAMpBBgxIKwAAAlXWTB9TaG9ydGVzdFBhdGhBc3N1bXB0IzM3MDM3RTYucGRmAAAAAAAAAAAAAAAAAAAAAAAAAAAAAAAAAAAAAAAAAAADcDfm0krogQAAAAAAAAAAAAMAAwAACSAAAAAAAAAAAAAAAAAAAAAERG9jcwAQAAgAAMpA6ewAAAARAAgAANJKzGEAAAABABwCVdZMAlXWSwJV1koAkMIpAAUCFQAFAhQAAL7sAAIAfk1hY2ludG9zaCBIRDpVc2VyczoASnVzdGU6AERvY3VtZW50czoAQ29tcGxleFN5c3RlbXM6AFRyYW5zcG9ydGF0aW9uRXF1aWxpYnJpdW06AEJpYmxpbzoARG9jczoAU2hvcnRlc3RQYXRoQXNzdW1wdCMzNzAzN0U2LnBkZgAOAGAALwBTAGgAbwByAHQAZQBzAHQAUABhAHQAaABBAHMAcwB1AG0AcAB0AGkAbwBuAF8AagBvAHUAcgBuAGEAbAAuAHAAbwBuAGUALgAwADEAMwA0ADMAMgAyAC4AcABkAGYADwAaAAwATQBhAGMAaQBuAHQAbwBzAGgAIABIAEQAEgB6VXNlcnMvSnVzdGUvRG9jdW1lbnRzL0NvbXBsZXhTeXN0ZW1zL1RyYW5zcG9ydGF0aW9uRXF1aWxpYnJpdW0vQmlibGlvL0RvY3MvU2hvcnRlc3RQYXRoQXNzdW1wdGlvbl9qb3VybmFsLnBvbmUuMDEzNDMyMi5wZGYAEwABLwAAFQACAAz//wAAgAbSGxwdHlokY2xhc3NuYW1lWCRjbGFzc2VzXU5TTXV0YWJsZURhdGGjHR8gVk5TRGF0YVhOU09iamVjdNIbHCIjXE5TRGljdGlvbmFyeaIiIF8QD05TS2V5ZWRBcmNoaXZlctEmJ1Ryb290gAEACAARABoAIwAtADIANwBAAEYATQBVAGAAZwBqAGwAbgBxAHMAdQB3AIQAjgDVANoA4gNOA1ADVQNgA2kDdwN7A4IDiwOQA50DoAOyA7UDugAAAAAAAAIBAAAAAAAAACgAAAAAAAAAAAAAAAAAAAO8}}

@article{zhang2013dynamic,
	Author = {Zhang, Kuilin and Mahmassani, Hani S and Lu, Chung-Cheng},
	Date-Added = {2016-06-21 17:42:11 +0000},
	Date-Modified = {2016-06-21 17:42:11 +0000},
	Journal = {Transportation Research Part C: Emerging Technologies},
	Pages = {189--204},
	Publisher = {Elsevier},
	Title = {Dynamic pricing, heterogeneous users and perception error: Probit-based bi-criterion dynamic stochastic user equilibrium assignment},
	Volume = {27},
	Year = {2013},
	Bdsk-File-1 = {YnBsaXN0MDDUAQIDBAUGJCVYJHZlcnNpb25YJG9iamVjdHNZJGFyY2hpdmVyVCR0b3ASAAGGoKgHCBMUFRYaIVUkbnVsbNMJCgsMDxJXTlMua2V5c1pOUy5vYmplY3RzViRjbGFzc6INDoACgAOiEBGABIAFgAdccmVsYXRpdmVQYXRoWWFsaWFzRGF0YV8QRi4uLy4uLy4uL0JpYmxpby9Eb2NzL0Jpb2JqZWN0aXZlRFNVRV8xLXMyLjAtUzA5NjgwOTBYMTIwMDA3NTctbWFpbi5wZGbSFwsYGVdOUy5kYXRhTxECbgAAAAACbgACAAAMTWFjaW50b3NoIEhEAAAAAAAAAAAAAAAAAAAAykEGDEgrAAACVdZMH0Jpb2JqZWN0aXZlRFNVRV8xLXMjNDM1RjZCNi5wZGYAAAAAAAAAAAAAAAAAAAAAAAAAAAAAAAAAAAAAAAAAAAQ19rbTS/ZcAAAAAAAAAAAAAwADAAAJIAAAAAAAAAAAAAAAAAAAAAREb2NzABAACAAAykDp7AAAABEACAAA00vaPAAAAAEAHAJV1kwCVdZLAlXWSgCQwikABQIVAAUCFAAAvuwAAgB+TWFjaW50b3NoIEhEOlVzZXJzOgBKdXN0ZToARG9jdW1lbnRzOgBDb21wbGV4U3lzdGVtczoAVHJhbnNwb3J0YXRpb25FcXVpbGlicml1bToAQmlibGlvOgBEb2NzOgBCaW9iamVjdGl2ZURTVUVfMS1zIzQzNUY2QjYucGRmAA4AZAAxAEIAaQBvAGIAagBlAGMAdABpAHYAZQBEAFMAVQBFAF8AMQAtAHMAMgAuADAALQBTADAAOQA2ADgAMAA5ADAAWAAxADIAMAAwADAANwA1ADcALQBtAGEAaQBuAC4AcABkAGYADwAaAAwATQBhAGMAaQBuAHQAbwBzAGgAIABIAEQAEgB8VXNlcnMvSnVzdGUvRG9jdW1lbnRzL0NvbXBsZXhTeXN0ZW1zL1RyYW5zcG9ydGF0aW9uRXF1aWxpYnJpdW0vQmlibGlvL0RvY3MvQmlvYmplY3RpdmVEU1VFXzEtczIuMC1TMDk2ODA5MFgxMjAwMDc1Ny1tYWluLnBkZgATAAEvAAAVAAIADP//AACABtIbHB0eWiRjbGFzc25hbWVYJGNsYXNzZXNdTlNNdXRhYmxlRGF0YaMdHyBWTlNEYXRhWE5TT2JqZWN00hscIiNcTlNEaWN0aW9uYXJ5oiIgXxAPTlNLZXllZEFyY2hpdmVy0SYnVHJvb3SAAQAIABEAGgAjAC0AMgA3AEAARgBNAFUAYABnAGoAbABuAHEAcwB1AHcAhACOANcA3ADkA1YDWANdA2gDcQN/A4MDigOTA5gDpQOoA7oDvQPCAAAAAAAAAgEAAAAAAAAAKAAAAAAAAAAAAAAAAAAAA8Q=}}

@article{han2003dynamic,
	Author = {Han, Sangjin},
	Date-Added = {2016-06-21 17:42:11 +0000},
	Date-Modified = {2016-06-21 17:42:11 +0000},
	Journal = {Transportation Research Part B: Methodological},
	Number = {3},
	Pages = {225--249},
	Publisher = {Elsevier},
	Title = {Dynamic traffic modelling and dynamic stochastic user equilibrium assignment for general road networks},
	Volume = {37},
	Year = {2003},
	Bdsk-File-1 = {YnBsaXN0MDDUAQIDBAUGJCVYJHZlcnNpb25YJG9iamVjdHNZJGFyY2hpdmVyVCR0b3ASAAGGoKgHCBMUFRYaIVUkbnVsbNMJCgsMDxJXTlMua2V5c1pOUy5vYmplY3RzViRjbGFzc6INDoACgAOiEBGABIAFgAdccmVsYXRpdmVQYXRoWWFsaWFzRGF0YV8QTS4uLy4uLy4uL0JpYmxpby9Eb2NzL0R5bmFtaWNVc2VyRXF1aWxpYnJpdW1fMS1zMi4wLVMwMTkxMjYxNTAyMDAwMDk3LW1haW4ucGRm0hcLGBlXTlMuZGF0YU8RAoQAAAAAAoQAAgAADE1hY2ludG9zaCBIRAAAAAAAAAAAAAAAAAAAAMpBBgxIKwAAAlXWTB9EeW5hbWljVXNlckVxdWlsaWJyIzQxNEUxMzUucGRmAAAAAAAAAAAAAAAAAAAAAAAAAAAAAAAAAAAAAAAAAAAEFOE10uaE1gAAAAAAAAAAAAMAAwAACSAAAAAAAAAAAAAAAAAAAAAERG9jcwAQAAgAAMpA6ewAAAARAAgAANLmdsYAAAABABwCVdZMAlXWSwJV1koAkMIpAAUCFQAFAhQAAL7sAAIAfk1hY2ludG9zaCBIRDpVc2VyczoASnVzdGU6AERvY3VtZW50czoAQ29tcGxleFN5c3RlbXM6AFRyYW5zcG9ydGF0aW9uRXF1aWxpYnJpdW06AEJpYmxpbzoARG9jczoARHluYW1pY1VzZXJFcXVpbGliciM0MTRFMTM1LnBkZgAOAHIAOABEAHkAbgBhAG0AaQBjAFUAcwBlAHIARQBxAHUAaQBsAGkAYgByAGkAdQBtAF8AMQAtAHMAMgAuADAALQBTADAAMQA5ADEAMgA2ADEANQAwADIAMAAwADAAMAA5ADcALQBtAGEAaQBuAC4AcABkAGYADwAaAAwATQBhAGMAaQBuAHQAbwBzAGgAIABIAEQAEgCDVXNlcnMvSnVzdGUvRG9jdW1lbnRzL0NvbXBsZXhTeXN0ZW1zL1RyYW5zcG9ydGF0aW9uRXF1aWxpYnJpdW0vQmlibGlvL0RvY3MvRHluYW1pY1VzZXJFcXVpbGlicml1bV8xLXMyLjAtUzAxOTEyNjE1MDIwMDAwOTctbWFpbi5wZGYAABMAAS8AABUAAgAM//8AAIAG0hscHR5aJGNsYXNzbmFtZVgkY2xhc3Nlc11OU011dGFibGVEYXRhox0fIFZOU0RhdGFYTlNPYmplY3TSGxwiI1xOU0RpY3Rpb25hcnmiIiBfEA9OU0tleWVkQXJjaGl2ZXLRJidUcm9vdIABAAgAEQAaACMALQAyADcAQABGAE0AVQBgAGcAagBsAG4AcQBzAHUAdwCEAI4A3gDjAOsDcwN1A3oDhQOOA5wDoAOnA7ADtQPCA8UD1wPaA98AAAAAAAACAQAAAAAAAAAoAAAAAAAAAAAAAAAAAAAD4Q==}}

@article{10.1371/journal.pone.0089980,
	Abstract = {<p>Social systems have recently attracted much attention, with attempts to understand social behavior with the aid of statistical mechanics applied to complex systems. Collective properties of such systems emerge from couplings between components, for example, individual persons, transportation nodes such as airports or subway stations, and administrative districts. Among various collective properties, criticality is known as a characteristic property of a complex system, which helps the systems to respond flexibly to external perturbations. This work considers the criticality of the urban transportation system entailed in the massive smart card data on the Seoul transportation network. Analyzing the passenger flow on the Seoul bus system during one week, we find explicit power-law correlations in the system, that is, power-law behavior of the strength correlation function of bus stops and verify scale invariance of the strength fluctuations. Such criticality is probed by means of the scaling and renormalization analysis of the modified gravity model applied to the system. Here a group of nearby (bare) bus stops are transformed into a (renormalized) ``block stop'' and the scaling relations of the network density turn out to be closely related to the fractal dimensions of the system, revealing the underlying structure. Specifically, the resulting renormalized values of the gravity exponent and of the Hill coefficient give a good description of the Seoul bus system: The former measures the characteristic dimensionality of the network whereas the latter reflects the coupling between distinct transportation modes. It is thus demonstrated that such ideas of physics as scaling and renormalization can be applied successfully to social phenomena exemplified by the passenger flow.</p>},
	Author = {Goh, Segun AND Lee, Keumsook AND Choi, MooYoung AND Fortin, Jean-Yves},
	Date-Added = {2016-06-21 17:42:11 +0000},
	Date-Modified = {2016-06-21 17:42:11 +0000},
	Doi = {10.1371/journal.pone.0089980},
	Journal = {PLoS ONE},
	Month = {03},
	Number = {3},
	Pages = {e89980},
	Publisher = {Public Library of Science},
	Title = {Emergence of Criticality in the Transportation Passenger Flow: Scaling and Renormalization in the Seoul Bus System},
	Url = {http://dx.doi.org/10.1371%2Fjournal.pone.0089980},
	Volume = {9},
	Year = {2014},
	Bdsk-File-1 = {YnBsaXN0MDDUAQIDBAUGJCVYJHZlcnNpb25YJG9iamVjdHNZJGFyY2hpdmVyVCR0b3ASAAGGoKgHCBMUFRYaIVUkbnVsbNMJCgsMDxJXTlMua2V5c1pOUy5vYmplY3RzViRjbGFzc6INDoACgAOiEBGABIAFgAdccmVsYXRpdmVQYXRoWWFsaWFzRGF0YV8QQC4uLy4uLy4uL0JpYmxpby9Eb2NzL0NyaXRpY2FsaXR5U2NhbGluZ19qb3VybmFsLnBvbmUuMDA4OTk4MC5wZGbSFwsYGVdOUy5kYXRhTxECXAAAAAACXAACAAAMTWFjaW50b3NoIEhEAAAAAAAAAAAAAAAAAAAAykEGDEgrAAACVdZMH0NyaXRpY2FsaXR5U2NhbGluZ18jMjY1RDI2OS5wZGYAAAAAAAAAAAAAAAAAAAAAAAAAAAAAAAAAAAAAAAAAAAJl0mnRXUCNAAAAAAAAAAAAAwADAAAJIAAAAAAAAAAAAAAAAAAAAAREb2NzABAACAAAykDp7AAAABEACAAA0V0kbQAAAAEAHAJV1kwCVdZLAlXWSgCQwikABQIVAAUCFAAAvuwAAgB+TWFjaW50b3NoIEhEOlVzZXJzOgBKdXN0ZToARG9jdW1lbnRzOgBDb21wbGV4U3lzdGVtczoAVHJhbnNwb3J0YXRpb25FcXVpbGlicml1bToAQmlibGlvOgBEb2NzOgBDcml0aWNhbGl0eVNjYWxpbmdfIzI2NUQyNjkucGRmAA4AWAArAEMAcgBpAHQAaQBjAGEAbABpAHQAeQBTAGMAYQBsAGkAbgBnAF8AagBvAHUAcgBuAGEAbAAuAHAAbwBuAGUALgAwADAAOAA5ADkAOAAwAC4AcABkAGYADwAaAAwATQBhAGMAaQBuAHQAbwBzAGgAIABIAEQAEgB2VXNlcnMvSnVzdGUvRG9jdW1lbnRzL0NvbXBsZXhTeXN0ZW1zL1RyYW5zcG9ydGF0aW9uRXF1aWxpYnJpdW0vQmlibGlvL0RvY3MvQ3JpdGljYWxpdHlTY2FsaW5nX2pvdXJuYWwucG9uZS4wMDg5OTgwLnBkZgATAAEvAAAVAAIADP//AACABtIbHB0eWiRjbGFzc25hbWVYJGNsYXNzZXNdTlNNdXRhYmxlRGF0YaMdHyBWTlNEYXRhWE5TT2JqZWN00hscIiNcTlNEaWN0aW9uYXJ5oiIgXxAPTlNLZXllZEFyY2hpdmVy0SYnVHJvb3SAAQAIABEAGgAjAC0AMgA3AEAARgBNAFUAYABnAGoAbABuAHEAcwB1AHcAhACOANEA1gDeAz4DQANFA1ADWQNnA2sDcgN7A4ADjQOQA6IDpQOqAAAAAAAAAgEAAAAAAAAAKAAAAAAAAAAAAAAAAAAAA6w=},
	Bdsk-Url-1 = {http://dx.doi.org/10.1371%2Fjournal.pone.0089980},
	Bdsk-Url-2 = {http://dx.doi.org/10.1371/journal.pone.0089980}}

@article{peeta2001foundations,
	Author = {Peeta, Srinivas and Ziliaskopoulos, Athanasios K},
	Date-Added = {2016-06-21 17:42:11 +0000},
	Date-Modified = {2016-06-21 17:42:11 +0000},
	Journal = {Networks and Spatial Economics},
	Number = {3-4},
	Pages = {233--265},
	Publisher = {Springer},
	Title = {Foundations of dynamic traffic assignment: The past, the present and the future},
	Volume = {1},
	Year = {2001},
	Bdsk-File-1 = {YnBsaXN0MDDUAQIDBAUGJCVYJHZlcnNpb25YJG9iamVjdHNZJGFyY2hpdmVyVCR0b3ASAAGGoKgHCBMUFRYaIVUkbnVsbNMJCgsMDxJXTlMua2V5c1pOUy5vYmplY3RzViRjbGFzc6INDoACgAOiEBGABIAFgAdccmVsYXRpdmVQYXRoWWFsaWFzRGF0YV8QIi4uLy4uLy4uL0JpYmxpby9Eb2NzL3BlZXRhMjAwMS5wZGbSFwsYGVdOUy5kYXRhTxEB8AAAAAAB8AACAAAMTWFjaW50b3NoIEhEAAAAAAAAAAAAAAAAAAAAykEGDEgrAAACVdZMDXBlZXRhMjAwMS5wZGYAAAAAAAAAAAAAAAAAAAAAAAAAAAAAAAAAAAAAAAAAAAAAAAAAAAAAAAAAAAAAAAAAAAQU4MDS5oSRAAAAAAAAAAAAAwADAAAJIAAAAAAAAAAAAAAAAAAAAAREb2NzABAACAAAykDp7AAAABEACAAA0uZ2gQAAAAEAHAJV1kwCVdZLAlXWSgCQwikABQIVAAUCFAAAvuwAAgBsTWFjaW50b3NoIEhEOlVzZXJzOgBKdXN0ZToARG9jdW1lbnRzOgBDb21wbGV4U3lzdGVtczoAVHJhbnNwb3J0YXRpb25FcXVpbGlicml1bToAQmlibGlvOgBEb2NzOgBwZWV0YTIwMDEucGRmAA4AHAANAHAAZQBlAHQAYQAyADAAMAAxAC4AcABkAGYADwAaAAwATQBhAGMAaQBuAHQAbwBzAGgAIABIAEQAEgBYVXNlcnMvSnVzdGUvRG9jdW1lbnRzL0NvbXBsZXhTeXN0ZW1zL1RyYW5zcG9ydGF0aW9uRXF1aWxpYnJpdW0vQmlibGlvL0RvY3MvcGVldGEyMDAxLnBkZgATAAEvAAAVAAIADP//AACABtIbHB0eWiRjbGFzc25hbWVYJGNsYXNzZXNdTlNNdXRhYmxlRGF0YaMdHyBWTlNEYXRhWE5TT2JqZWN00hscIiNcTlNEaWN0aW9uYXJ5oiIgXxAPTlNLZXllZEFyY2hpdmVy0SYnVHJvb3SAAQAIABEAGgAjAC0AMgA3AEAARgBNAFUAYABnAGoAbABuAHEAcwB1AHcAhACOALMAuADAArQCtgK7AsYCzwLdAuEC6ALxAvYDAwMGAxgDGwMgAAAAAAAAAgEAAAAAAAAAKAAAAAAAAAAAAAAAAAAAAyI=}}

@article{2016arXiv160107713T,
	Adsnote = {Provided by the SAO/NASA Astrophysics Data System},
	Adsurl = {http://adsabs.harvard.edu/abs/2016arXiv160107713T},
	Archiveprefix = {arXiv},
	Author = {{Tordeux}, A. and {Lassarre}, S.},
	Date-Added = {2016-06-21 17:42:11 +0000},
	Date-Modified = {2016-06-21 17:42:11 +0000},
	Eprint = {1601.07713},
	Journal = {ArXiv e-prints},
	Keywords = {Physics - Physics and Society, Nonlinear Sciences - Adaptation and Self-Organizing Systems},
	Month = jan,
	Primaryclass = {physics.soc-ph},
	Title = {{Jam avoidance with autonomous systems}},
	Year = 2016,
	Bdsk-File-1 = {YnBsaXN0MDDUAQIDBAUGJCVYJHZlcnNpb25YJG9iamVjdHNZJGFyY2hpdmVyVCR0b3ASAAGGoKgHCBMUFRYaIVUkbnVsbNMJCgsMDxJXTlMua2V5c1pOUy5vYmplY3RzViRjbGFzc6INDoACgAOiEBGABIAFgAdccmVsYXRpdmVQYXRoWWFsaWFzRGF0YV8QOS4uLy4uLy4uL0JpYmxpby9Eb2NzL1RyYWZmaWNKYW1MeWFwb3Vub3ZfMTYwMS4wNzcxM3YxLnBkZtIXCxgZV05TLmRhdGFPEQJIAAAAAAJIAAIAAAxNYWNpbnRvc2ggSEQAAAAAAAAAAAAAAAAAAADKQQYMSCsAAAJV1kwfVHJhZmZpY0phbUx5YXBvdW5vdiM0MDNFQjA4LnBkZgAAAAAAAAAAAAAAAAAAAAAAAAAAAAAAAAAAAAAAAAAABAPrCNLQ3QUAAAAAAAAAAAADAAMAAAkgAAAAAAAAAAAAAAAAAAAABERvY3MAEAAIAADKQOnsAAAAEQAIAADS0M71AAAAAQAcAlXWTAJV1ksCVdZKAJDCKQAFAhUABQIUAAC+7AACAH5NYWNpbnRvc2ggSEQ6VXNlcnM6AEp1c3RlOgBEb2N1bWVudHM6AENvbXBsZXhTeXN0ZW1zOgBUcmFuc3BvcnRhdGlvbkVxdWlsaWJyaXVtOgBCaWJsaW86AERvY3M6AFRyYWZmaWNKYW1MeWFwb3Vub3YjNDAzRUIwOC5wZGYADgBKACQAVAByAGEAZgBmAGkAYwBKAGEAbQBMAHkAYQBwAG8AdQBuAG8AdgBfADEANgAwADEALgAwADcANwAxADMAdgAxAC4AcABkAGYADwAaAAwATQBhAGMAaQBuAHQAbwBzAGgAIABIAEQAEgBvVXNlcnMvSnVzdGUvRG9jdW1lbnRzL0NvbXBsZXhTeXN0ZW1zL1RyYW5zcG9ydGF0aW9uRXF1aWxpYnJpdW0vQmlibGlvL0RvY3MvVHJhZmZpY0phbUx5YXBvdW5vdl8xNjAxLjA3NzEzdjEucGRmAAATAAEvAAAVAAIADP//AACABtIbHB0eWiRjbGFzc25hbWVYJGNsYXNzZXNdTlNNdXRhYmxlRGF0YaMdHyBWTlNEYXRhWE5TT2JqZWN00hscIiNcTlNEaWN0aW9uYXJ5oiIgXxAPTlNLZXllZEFyY2hpdmVy0SYnVHJvb3SAAQAIABEAGgAjAC0AMgA3AEAARgBNAFUAYABnAGoAbABuAHEAcwB1AHcAhACOAMoAzwDXAyMDJQMqAzUDPgNMA1ADVwNgA2UDcgN1A4cDigOPAAAAAAAAAgEAAAAAAAAAKAAAAAAAAAAAAAAAAAAAA5E=}}

@article{lee2011master,
	Author = {Lee, Keumsook and Goh, Segun and Park, Jong Soo and Jung, Woo-Sung and Choi, MY},
	Date-Added = {2016-06-21 17:42:11 +0000},
	Date-Modified = {2016-06-21 17:42:11 +0000},
	Journal = {Journal of Physics A: Mathematical and Theoretical},
	Number = {11},
	Pages = {115007},
	Publisher = {IOP Publishing},
	Title = {Master equation approach to the intra-urban passenger flow and application to the Metropolitan Seoul Subway system},
	Volume = {44},
	Year = {2011},
	Bdsk-File-1 = {YnBsaXN0MDDUAQIDBAUGJCVYJHZlcnNpb25YJG9iamVjdHNZJGFyY2hpdmVyVCR0b3ASAAGGoKgHCBMUFRYaIVUkbnVsbNMJCgsMDxJXTlMua2V5c1pOUy5vYmplY3RzViRjbGFzc6INDoACgAOiEBGABIAFgAdccmVsYXRpdmVQYXRoWWFsaWFzRGF0YV8QPi4uLy4uLy4uL0JpYmxpby9Eb2NzL01hc3RlckVxdWF0aW9uXzE3NTEtODEyMV80NF8xMV8xMTUwMDcucGRm0hcLGBlXTlMuZGF0YU8RAlYAAAAAAlYAAgAADE1hY2ludG9zaCBIRAAAAAAAAAAAAAAAAAAAAMpBBgxIKwAAAlXWTB9NYXN0ZXJFcXVhdGlvbl8xNzUxIzI2NUM0RkMucGRmAAAAAAAAAAAAAAAAAAAAAAAAAAAAAAAAAAAAAAAAAAACZcT80V05ngAAAAAAAAAAAAMAAwAACSAAAAAAAAAAAAAAAAAAAAAERG9jcwAQAAgAAMpA6ewAAAARAAgAANFdHX4AAAABABwCVdZMAlXWSwJV1koAkMIpAAUCFQAFAhQAAL7sAAIAfk1hY2ludG9zaCBIRDpVc2VyczoASnVzdGU6AERvY3VtZW50czoAQ29tcGxleFN5c3RlbXM6AFRyYW5zcG9ydGF0aW9uRXF1aWxpYnJpdW06AEJpYmxpbzoARG9jczoATWFzdGVyRXF1YXRpb25fMTc1MSMyNjVDNEZDLnBkZgAOAFQAKQBNAGEAcwB0AGUAcgBFAHEAdQBhAHQAaQBvAG4AXwAxADcANQAxAC0AOAAxADIAMQBfADQANABfADEAMQBfADEAMQA1ADAAMAA3AC4AcABkAGYADwAaAAwATQBhAGMAaQBuAHQAbwBzAGgAIABIAEQAEgB0VXNlcnMvSnVzdGUvRG9jdW1lbnRzL0NvbXBsZXhTeXN0ZW1zL1RyYW5zcG9ydGF0aW9uRXF1aWxpYnJpdW0vQmlibGlvL0RvY3MvTWFzdGVyRXF1YXRpb25fMTc1MS04MTIxXzQ0XzExXzExNTAwNy5wZGYAEwABLwAAFQACAAz//wAAgAbSGxwdHlokY2xhc3NuYW1lWCRjbGFzc2VzXU5TTXV0YWJsZURhdGGjHR8gVk5TRGF0YVhOU09iamVjdNIbHCIjXE5TRGljdGlvbmFyeaIiIF8QD05TS2V5ZWRBcmNoaXZlctEmJ1Ryb290gAEACAARABoAIwAtADIANwBAAEYATQBVAGAAZwBqAGwAbgBxAHMAdQB3AIQAjgDPANQA3AM2AzgDPQNIA1EDXwNjA2oDcwN4A4UDiAOaA50DogAAAAAAAAIBAAAAAAAAACgAAAAAAAAAAAAAAAAAAAOk}}

@inproceedings{schulz2003performance,
	Author = {Schulz, Andreas S and Moses, NS},
	Booktitle = {Proceedings of the 14th Annual ACM-SIAM Symposium on Discrete Algorithms (SODA)},
	Date-Added = {2016-06-21 17:42:11 +0000},
	Date-Modified = {2016-06-21 17:42:11 +0000},
	Pages = {86--87},
	Title = {On the performance of user equilibria in traffic networks},
	Year = {2003},
	Bdsk-File-1 = {YnBsaXN0MDDUAQIDBAUGJCVYJHZlcnNpb25YJG9iamVjdHNZJGFyY2hpdmVyVCR0b3ASAAGGoKgHCBMUFRYaIVUkbnVsbNMJCgsMDxJXTlMua2V5c1pOUy5vYmplY3RzViRjbGFzc6INDoACgAOiEBGABIAFgAdccmVsYXRpdmVQYXRoWWFsaWFzRGF0YV8QHy4uLy4uLy4uL0JpYmxpby9Eb2NzL1N0aWVyMS5wZGbSFwsYGVdOUy5kYXRhTxEB5gAAAAAB5gACAAAMTWFjaW50b3NoIEhEAAAAAAAAAAAAAAAAAAAAykEGDEgrAAACVdZMClN0aWVyMS5wZGYAAAAAAAAAAAAAAAAAAAAAAAAAAAAAAAAAAAAAAAAAAAAAAAAAAAAAAAAAAAAAAAAAAAAAAAQ2IEjTTBg+AAAAAAAAAAAAAwADAAAJIAAAAAAAAAAAAAAAAAAAAAREb2NzABAACAAAykDp7AAAABEACAAA00v8HgAAAAEAHAJV1kwCVdZLAlXWSgCQwikABQIVAAUCFAAAvuwAAgBpTWFjaW50b3NoIEhEOlVzZXJzOgBKdXN0ZToARG9jdW1lbnRzOgBDb21wbGV4U3lzdGVtczoAVHJhbnNwb3J0YXRpb25FcXVpbGlicml1bToAQmlibGlvOgBEb2NzOgBTdGllcjEucGRmAAAOABYACgBTAHQAaQBlAHIAMQAuAHAAZABmAA8AGgAMAE0AYQBjAGkAbgB0AG8AcwBoACAASABEABIAVVVzZXJzL0p1c3RlL0RvY3VtZW50cy9Db21wbGV4U3lzdGVtcy9UcmFuc3BvcnRhdGlvbkVxdWlsaWJyaXVtL0JpYmxpby9Eb2NzL1N0aWVyMS5wZGYAABMAAS8AABUAAgAM//8AAIAG0hscHR5aJGNsYXNzbmFtZVgkY2xhc3Nlc11OU011dGFibGVEYXRhox0fIFZOU0RhdGFYTlNPYmplY3TSGxwiI1xOU0RpY3Rpb25hcnmiIiBfEA9OU0tleWVkQXJjaGl2ZXLRJidUcm9vdIABAAgAEQAaACMALQAyADcAQABGAE0AVQBgAGcAagBsAG4AcQBzAHUAdwCEAI4AsAC1AL0CpwKpAq4CuQLCAtAC1ALbAuQC6QL2AvkDCwMOAxMAAAAAAAACAQAAAAAAAAAoAAAAAAAAAAAAAAAAAAADFQ==}}

@article{bouteiller2013open,
	Author = {Bouteiller, Catherine and Berjoan, Sybille},
	Date-Added = {2016-06-21 17:42:11 +0000},
	Date-Modified = {2016-06-21 18:01:13 +0000},
	Title = {Open data en transport urbain: quelles sont les donn{\'e}es mises {\`a} disposition? Quelles sont les strat{\'e}gies des autorit{\'e}s organisatrices?},
	Year = {2013},
	Bdsk-File-1 = {YnBsaXN0MDDUAQIDBAUGJCVYJHZlcnNpb25YJG9iamVjdHNZJGFyY2hpdmVyVCR0b3ASAAGGoKgHCBMUFRYaIVUkbnVsbNMJCgsMDxJXTlMua2V5c1pOUy5vYmplY3RzViRjbGFzc6INDoACgAOiEBGABIAFgAdccmVsYXRpdmVQYXRoWWFsaWFzRGF0YV8QVS4uLy4uLy4uL0JpYmxpby9Eb2NzL0FSVElDTEVfT3Blbl9kYXRhX2V0X21vYmlsaXRBX3N0cmF0QV9naWVfZF9hY3RldXJzX1YyX2p1aW4xMy5wZGbSFwsYGVdOUy5kYXRhTxECnAAAAAACnAACAAAMTWFjaW50b3NoIEhEAAAAAAAAAAAAAAAAAAAAykEGDEgrAAACVdZMH0FSVElDTEVfT3Blbl9kYXRhX2UjMjY4RUY4Ny5wZGYAAAAAAAAAAAAAAAAAAAAAAAAAAAAAAAAAAAAAAAAAAAJo74fRZAWFAAAAAAAAAAAAAwADAAAJIAAAAAAAAAAAAAAAAAAAAAREb2NzABAACAAAykDp7AAAABEACAAA0WPpZQAAAAEAHAJV1kwCVdZLAlXWSgCQwikABQIVAAUCFAAAvuwAAgB+TWFjaW50b3NoIEhEOlVzZXJzOgBKdXN0ZToARG9jdW1lbnRzOgBDb21wbGV4U3lzdGVtczoAVHJhbnNwb3J0YXRpb25FcXVpbGlicml1bToAQmlibGlvOgBEb2NzOgBBUlRJQ0xFX09wZW5fZGF0YV9lIzI2OEVGODcucGRmAA4AggBAAEEAUgBUAEkAQwBMAEUAXwBPAHAAZQBuAF8AZABhAHQAYQBfAGUAdABfAG0AbwBiAGkAbABpAHQAQQBfAHMAdAByAGEAdABBAF8AZwBpAGUAXwBkAF8AYQBjAHQAZQB1AHIAcwBfAFYAMgBfAGoAdQBpAG4AMQAzAC4AcABkAGYADwAaAAwATQBhAGMAaQBuAHQAbwBzAGgAIABIAEQAEgCLVXNlcnMvSnVzdGUvRG9jdW1lbnRzL0NvbXBsZXhTeXN0ZW1zL1RyYW5zcG9ydGF0aW9uRXF1aWxpYnJpdW0vQmlibGlvL0RvY3MvQVJUSUNMRV9PcGVuX2RhdGFfZXRfbW9iaWxpdEFfc3RyYXRBX2dpZV9kX2FjdGV1cnNfVjJfanVpbjEzLnBkZgAAEwABLwAAFQACAAz//wAAgAbSGxwdHlokY2xhc3NuYW1lWCRjbGFzc2VzXU5TTXV0YWJsZURhdGGjHR8gVk5TRGF0YVhOU09iamVjdNIbHCIjXE5TRGljdGlvbmFyeaIiIF8QD05TS2V5ZWRBcmNoaXZlctEmJ1Ryb290gAEACAARABoAIwAtADIANwBAAEYATQBVAGAAZwBqAGwAbgBxAHMAdQB3AIQAjgDmAOsA8wOTA5UDmgOlA64DvAPAA8cD0APVA+ID5QP3A/oD/wAAAAAAAAIBAAAAAAAAACgAAAAAAAAAAAAAAAAAAAQB}}

@article{Hiribarren201419,
	Abstract = {Abstract New technologies able to register vehicle trajectories, such as \{GPS\} (Global Position Systems)-enabled cell phones, have opened a new way of collecting traffic data. However, good methods that convert these data into useful information are needed to leverage these data. In this study a new method to estimate traffic states on arterials based on trajectory data is presented and assessed. The method is based on the Lighthill--Whitham--Richards (LWR) theory. By using this theory, traffic dynamics on arterials can be better captured by extracting more information from the same piece of data. Trajectory data used consist of the trajectory of the latest equipped vehicle that crossed the segment under study. Preliminary analysis based on micro-simulation suggests that this method yields good traffic state estimates both at congested and uncongested situations, even for very low penetration rates (1%). The method is also able to forecast queue length at intersections and travel times along a road section. },
	Author = {Gabriel Hiribarren and Juan Carlos Herrera},
	Date-Added = {2016-06-21 17:42:11 +0000},
	Date-Modified = {2016-06-21 17:42:11 +0000},
	Doi = {http://dx.doi.org/10.1016/j.trb.2014.07.003},
	Issn = {0191-2615},
	Journal = {Transportation Research Part B: Methodological},
	Keywords = {Arterial roads},
	Number = {0},
	Pages = {19 - 30},
	Title = {Real time traffic states estimation on arterials based on trajectory data},
	Url = {http://www.sciencedirect.com/science/article/pii/S019126151400126X},
	Volume = {69},
	Year = {2014},
	Bdsk-File-1 = {YnBsaXN0MDDUAQIDBAUGJCVYJHZlcnNpb25YJG9iamVjdHNZJGFyY2hpdmVyVCR0b3ASAAGGoKgHCBMUFRYaIVUkbnVsbNMJCgsMDxJXTlMua2V5c1pOUy5vYmplY3RzViRjbGFzc6INDoACgAOiEBGABIAFgAdccmVsYXRpdmVQYXRoWWFsaWFzRGF0YV8QUC4uLy4uLy4uL0JpYmxpby9Eb2NzL1JlYWxUaW1lVHJhZmZpY0VzdGltYXRpb25fMS1zMi4wLVMwMTkxMjYxNTE0MDAxMjZYLW1haW4ucGRm0hcLGBlXTlMuZGF0YU8RAowAAAAAAowAAgAADE1hY2ludG9zaCBIRAAAAAAAAAAAAAAAAAAAAMpBBgxIKwAAAlXWTB9SZWFsVGltZVRyYWZmaWNFc3RpIzI3NjEzQzkucGRmAAAAAAAAAAAAAAAAAAAAAAAAAAAAAAAAAAAAAAAAAAACdhPJ0YTWNwAAAAAAAAAAAAMAAwAACSAAAAAAAAAAAAAAAAAAAAAERG9jcwAQAAgAAMpA6ewAAAARAAgAANGEuhcAAAABABwCVdZMAlXWSwJV1koAkMIpAAUCFQAFAhQAAL7sAAIAfk1hY2ludG9zaCBIRDpVc2VyczoASnVzdGU6AERvY3VtZW50czoAQ29tcGxleFN5c3RlbXM6AFRyYW5zcG9ydGF0aW9uRXF1aWxpYnJpdW06AEJpYmxpbzoARG9jczoAUmVhbFRpbWVUcmFmZmljRXN0aSMyNzYxM0M5LnBkZgAOAHgAOwBSAGUAYQBsAFQAaQBtAGUAVAByAGEAZgBmAGkAYwBFAHMAdABpAG0AYQB0AGkAbwBuAF8AMQAtAHMAMgAuADAALQBTADAAMQA5ADEAMgA2ADEANQAxADQAMAAwADEAMgA2AFgALQBtAGEAaQBuAC4AcABkAGYADwAaAAwATQBhAGMAaQBuAHQAbwBzAGgAIABIAEQAEgCGVXNlcnMvSnVzdGUvRG9jdW1lbnRzL0NvbXBsZXhTeXN0ZW1zL1RyYW5zcG9ydGF0aW9uRXF1aWxpYnJpdW0vQmlibGlvL0RvY3MvUmVhbFRpbWVUcmFmZmljRXN0aW1hdGlvbl8xLXMyLjAtUzAxOTEyNjE1MTQwMDEyNlgtbWFpbi5wZGYAEwABLwAAFQACAAz//wAAgAbSGxwdHlokY2xhc3NuYW1lWCRjbGFzc2VzXU5TTXV0YWJsZURhdGGjHR8gVk5TRGF0YVhOU09iamVjdNIbHCIjXE5TRGljdGlvbmFyeaIiIF8QD05TS2V5ZWRBcmNoaXZlctEmJ1Ryb290gAEACAARABoAIwAtADIANwBAAEYATQBVAGAAZwBqAGwAbgBxAHMAdQB3AIQAjgDhAOYA7gN+A4ADhQOQA5kDpwOrA7IDuwPAA80D0APiA+UD6gAAAAAAAAIBAAAAAAAAACgAAAAAAAAAAAAAAAAAAAPs},
	Bdsk-Url-1 = {http://www.sciencedirect.com/science/article/pii/S019126151400126X},
	Bdsk-Url-2 = {http://dx.doi.org/10.1016/j.trb.2014.07.003}}

@article{bell2002risk,
	Author = {Bell, Michael GH and Cassir, Chris},
	Date-Added = {2016-06-21 17:42:11 +0000},
	Date-Modified = {2016-06-21 17:42:11 +0000},
	Journal = {Transportation Research Part B: Methodological},
	Number = {8},
	Pages = {671--681},
	Publisher = {Elsevier},
	Title = {Risk-averse user equilibrium traffic assignment: an application of game theory},
	Volume = {36},
	Year = {2002},
	Bdsk-File-1 = {YnBsaXN0MDDUAQIDBAUGJCVYJHZlcnNpb25YJG9iamVjdHNZJGFyY2hpdmVyVCR0b3ASAAGGoKgHCBMUFRYaIVUkbnVsbNMJCgsMDxJXTlMua2V5c1pOUy5vYmplY3RzViRjbGFzc6INDoACgAOiEBGABIAFgAdccmVsYXRpdmVQYXRoWWFsaWFzRGF0YV8QRC4uLy4uLy4uL0JpYmxpby9Eb2NzL1Jpc2tBdmVyc2VVRUFfMS1zMi4wLVMwMTkxMjYxNTAxMDAwMjI0LW1haW4ucGRm0hcLGBlXTlMuZGF0YU8RAmgAAAAAAmgAAgAADE1hY2ludG9zaCBIRAAAAAAAAAAAAAAAAAAAAMpBBgxIKwAAAlXWTB9SaXNrQXZlcnNlVUVBXzEtczIuIzQzNjIyMkUucGRmAAAAAAAAAAAAAAAAAAAAAAAAAAAAAAAAAAAAAAAAAAAENiIu00wYqQAAAAAAAAAAAAMAAwAACSAAAAAAAAAAAAAAAAAAAAAERG9jcwAQAAgAAMpA6ewAAAARAAgAANNL/IkAAAABABwCVdZMAlXWSwJV1koAkMIpAAUCFQAFAhQAAL7sAAIAfk1hY2ludG9zaCBIRDpVc2VyczoASnVzdGU6AERvY3VtZW50czoAQ29tcGxleFN5c3RlbXM6AFRyYW5zcG9ydGF0aW9uRXF1aWxpYnJpdW06AEJpYmxpbzoARG9jczoAUmlza0F2ZXJzZVVFQV8xLXMyLiM0MzYyMjJFLnBkZgAOAGAALwBSAGkAcwBrAEEAdgBlAHIAcwBlAFUARQBBAF8AMQAtAHMAMgAuADAALQBTADAAMQA5ADEAMgA2ADEANQAwADEAMAAwADAAMgAyADQALQBtAGEAaQBuAC4AcABkAGYADwAaAAwATQBhAGMAaQBuAHQAbwBzAGgAIABIAEQAEgB6VXNlcnMvSnVzdGUvRG9jdW1lbnRzL0NvbXBsZXhTeXN0ZW1zL1RyYW5zcG9ydGF0aW9uRXF1aWxpYnJpdW0vQmlibGlvL0RvY3MvUmlza0F2ZXJzZVVFQV8xLXMyLjAtUzAxOTEyNjE1MDEwMDAyMjQtbWFpbi5wZGYAEwABLwAAFQACAAz//wAAgAbSGxwdHlokY2xhc3NuYW1lWCRjbGFzc2VzXU5TTXV0YWJsZURhdGGjHR8gVk5TRGF0YVhOU09iamVjdNIbHCIjXE5TRGljdGlvbmFyeaIiIF8QD05TS2V5ZWRBcmNoaXZlctEmJ1Ryb290gAEACAARABoAIwAtADIANwBAAEYATQBVAGAAZwBqAGwAbgBxAHMAdQB3AIQAjgDVANoA4gNOA1ADVQNgA2kDdwN7A4IDiwOQA50DoAOyA7UDugAAAAAAAAIBAAAAAAAAACgAAAAAAAAAAAAAAAAAAAO8}}

@article{leduc2008road,
	Author = {Leduc, Guillaume},
	Date-Added = {2016-06-21 17:42:11 +0000},
	Date-Modified = {2016-06-21 17:42:11 +0000},
	Journal = {Working Papers on Energy, Transport and Climate Change},
	Number = {55},
	Title = {Road traffic data: Collection methods and applications},
	Volume = {1},
	Year = {2008},
	Bdsk-File-1 = {YnBsaXN0MDDUAQIDBAUGJCVYJHZlcnNpb25YJG9iamVjdHNZJGFyY2hpdmVyVCR0b3ASAAGGoKgHCBMUFRYaIVUkbnVsbNMJCgsMDxJXTlMua2V5c1pOUy5vYmplY3RzViRjbGFzc6INDoACgAOiEBGABIAFgAdccmVsYXRpdmVQYXRoWWFsaWFzRGF0YV8QJC4uLy4uLy4uL0JpYmxpby9Eb2NzL0pSQzQ3OTY3LlROLnBkZtIXCxgZV05TLmRhdGFPEQH4AAAAAAH4AAIAAAxNYWNpbnRvc2ggSEQAAAAAAAAAAAAAAAAAAADKQQYMSCsAAAJV1kwPSlJDNDc5NjcuVE4ucGRmAAAAAAAAAAAAAAAAAAAAAAAAAAAAAAAAAAAAAAAAAAAAAAAAAAAAAAAAAAAAAAAAAoctzdGONYYAAAAAAAAAAAADAAMAAAkgAAAAAAAAAAAAAAAAAAAABERvY3MAEAAIAADKQOnsAAAAEQAIAADRjhlmAAAAAQAcAlXWTAJV1ksCVdZKAJDCKQAFAhUABQIUAAC+7AACAG5NYWNpbnRvc2ggSEQ6VXNlcnM6AEp1c3RlOgBEb2N1bWVudHM6AENvbXBsZXhTeXN0ZW1zOgBUcmFuc3BvcnRhdGlvbkVxdWlsaWJyaXVtOgBCaWJsaW86AERvY3M6AEpSQzQ3OTY3LlROLnBkZgAOACAADwBKAFIAQwA0ADcAOQA2ADcALgBUAE4ALgBwAGQAZgAPABoADABNAGEAYwBpAG4AdABvAHMAaAAgAEgARAASAFpVc2Vycy9KdXN0ZS9Eb2N1bWVudHMvQ29tcGxleFN5c3RlbXMvVHJhbnNwb3J0YXRpb25FcXVpbGlicml1bS9CaWJsaW8vRG9jcy9KUkM0Nzk2Ny5UTi5wZGYAEwABLwAAFQACAAz//wAAgAbSGxwdHlokY2xhc3NuYW1lWCRjbGFzc2VzXU5TTXV0YWJsZURhdGGjHR8gVk5TRGF0YVhOU09iamVjdNIbHCIjXE5TRGljdGlvbmFyeaIiIF8QD05TS2V5ZWRBcmNoaXZlctEmJ1Ryb290gAEACAARABoAIwAtADIANwBAAEYATQBVAGAAZwBqAGwAbgBxAHMAdQB3AIQAjgC1ALoAwgK+AsACxQLQAtkC5wLrAvIC+wMAAw0DEAMiAyUDKgAAAAAAAAIBAAAAAAAAACgAAAAAAAAAAAAAAAAAAAMs}}

@manual{shiny,
	Author = {Winston Chang and Joe Cheng and JJ Allaire and Yihui Xie and Jonathan McPherson},
	Date-Added = {2016-06-21 17:42:11 +0000},
	Date-Modified = {2016-06-21 17:42:11 +0000},
	Note = {R package version 0.13.0},
	Title = {shiny: Web Application Framework for R},
	Url = {https://CRAN.R-project.org/package=shiny},
	Year = {2016},
	Bdsk-Url-1 = {https://CRAN.R-project.org/package=shiny}}

@article{goldhirsch1987stability,
	Author = {Goldhirsch, Isaac and Sulem, Pierre-Louis and Orszag, Steven A},
	Date-Added = {2016-06-21 17:42:11 +0000},
	Date-Modified = {2016-06-21 17:42:11 +0000},
	Journal = {Physica D: Nonlinear Phenomena},
	Number = {3},
	Pages = {311--337},
	Publisher = {Elsevier},
	Title = {Stability and Lyapunov stability of dynamical systems: A differential approach and a numerical method},
	Volume = {27},
	Year = {1987},
	Bdsk-File-1 = {YnBsaXN0MDDUAQIDBAUGJCVYJHZlcnNpb25YJG9iamVjdHNZJGFyY2hpdmVyVCR0b3ASAAGGoKgHCBMUFRYaIVUkbnVsbNMJCgsMDxJXTlMua2V5c1pOUy5vYmplY3RzViRjbGFzc6INDoACgAOiEBGABIAFgAdccmVsYXRpdmVQYXRoWWFsaWFzRGF0YV8QQy4uLy4uLy4uL0JpYmxpby9Eb2NzL0x5YXBvdW5vdkNvbnZfMS1zMi4wLTAxNjcyNzg5ODc5MDAzNDAtbWFpbi5wZGbSFwsYGVdOUy5kYXRhTxECZgAAAAACZgACAAAMTWFjaW50b3NoIEhEAAAAAAAAAAAAAAAAAAAAykEGDEgrAAACVdZMH0x5YXBvdW5vdkNvbnZfMS1zMi4jMjU1RDYxMS5wZGYAAAAAAAAAAAAAAAAAAAAAAAAAAAAAAAAAAAAAAAAAAAJV1hHROLYmAAAAAAAAAAAAAwADAAAJIAAAAAAAAAAAAAAAAAAAAAREb2NzABAACAAAykDp7AAAABEACAAA0TioFgAAAAEAHAJV1kwCVdZLAlXWSgCQwikABQIVAAUCFAAAvuwAAgB+TWFjaW50b3NoIEhEOlVzZXJzOgBKdXN0ZToARG9jdW1lbnRzOgBDb21wbGV4U3lzdGVtczoAVHJhbnNwb3J0YXRpb25FcXVpbGlicml1bToAQmlibGlvOgBEb2NzOgBMeWFwb3Vub3ZDb252XzEtczIuIzI1NUQ2MTEucGRmAA4AXgAuAEwAeQBhAHAAbwB1AG4AbwB2AEMAbwBuAHYAXwAxAC0AcwAyAC4AMAAtADAAMQA2ADcAMgA3ADgAOQA4ADcAOQAwADAAMwA0ADAALQBtAGEAaQBuAC4AcABkAGYADwAaAAwATQBhAGMAaQBuAHQAbwBzAGgAIABIAEQAEgB5VXNlcnMvSnVzdGUvRG9jdW1lbnRzL0NvbXBsZXhTeXN0ZW1zL1RyYW5zcG9ydGF0aW9uRXF1aWxpYnJpdW0vQmlibGlvL0RvY3MvTHlhcG91bm92Q29udl8xLXMyLjAtMDE2NzI3ODk4NzkwMDM0MC1tYWluLnBkZgAAEwABLwAAFQACAAz//wAAgAbSGxwdHlokY2xhc3NuYW1lWCRjbGFzc2VzXU5TTXV0YWJsZURhdGGjHR8gVk5TRGF0YVhOU09iamVjdNIbHCIjXE5TRGljdGlvbmFyeaIiIF8QD05TS2V5ZWRBcmNoaXZlctEmJ1Ryb290gAEACAARABoAIwAtADIANwBAAEYATQBVAGAAZwBqAGwAbgBxAHMAdQB3AIQAjgDUANkA4QNLA00DUgNdA2YDdAN4A38DiAONA5oDnQOvA7IDtwAAAAAAAAIBAAAAAAAAACgAAAAAAAAAAAAAAAAAAAO5}}






@ARTICLE{2017arXiv170607467R,
   author = {{Raimbault}, J. and {Bergeaud}, A.},
    title = {The Cost of Transportation : Spatial Analysis of US Fuel Prices},
  journal = {ArXiv e-prints},
archivePrefix = arXiv,
   eprint = {1706.07467},
 primaryClass = stat.AP,
 keywords = {Statistics - Applications, Physics - Physics and Society},
     year = 2017,
    month = jun,
   adsurl = {http://adsabs.harvard.edu/abs/2017arXiv170607467R},
  adsnote = {Provided by the SAO/NASA Astrophysics Data System}
}



@inproceedings{raimbaulthalshs01514415,
  TITLE = {{G{\'e}n{\'e}ration de Donn{\'e}es Synth{\'e}tiques Corr{\'e}l{\'e}es}},
  AUTHOR = {Raimbault, Juste},
  URL = {https://halshs.archives-ouvertes.fr/halshs-01514415},
  BOOKTITLE = {{Rochebrune 2016, Journ{\'e}es d'Etude sur les Syst{\`e}mes Complexes Naturels et Artificiels}},
  ADDRESS = {M{\'e}g{\`e}ve, France},
  YEAR = {2016},
  MONTH = Jan,
  KEYWORDS = {Syst{\`e}mes Complexes  ;  Donn{\'e}es Synth{\'e}tiques},
  PDF = {https://halshs.archives-ouvertes.fr/halshs-01514415/file/Rochebrune2016_Raimbault_Abstract.pdf},
  HAL_ID = {halshs-01514415},
  HAL_VERSION = {v1},
}


@ARTICLE{2017arXiv170609244R,
   author = {{Raimbault}, J.},
    title = {An Applied Knowledge Framework to Study Complex Systems},
  journal = {ArXiv e-prints},
archivePrefix = arXiv,
   eprint = {1706.09244},
 primaryClass = cs.CY,
 keywords = {Computer Science - Computers and Society, Physics - Physics and Society},
     year = 2017,
    month = jun,
   adsurl = {http://adsabs.harvard.edu/abs/2017arXiv170609244R},
  adsnote = {Provided by the SAO/NASA Astrophysics Data System}
}


@article{MANCMANC1073,
	Author = {Canning, David and Pedroni, Peter},
	Date-Added = {2017-09-22 16:44:00 +0000},
	Date-Modified = {2017-09-22 16:44:04 +0000},
	Doi = {10.1111/j.1467-9957.2008.01073.x},
	Issn = {1467-9957},
	Journal = {The Manchester School},
	Number = {5},
	Pages = {504--527},
	Publisher = {Blackwell Publishing Ltd},
	Title = {Infrastructure, long-run economic growth and causality tests for cointegrated panels},
	Url = {http://dx.doi.org/10.1111/j.1467-9957.2008.01073.x},
	Volume = {76},
	Year = {2008},
	Bdsk-File-1 = {YnBsaXN0MDDUAQIDBAUGJCVYJHZlcnNpb25YJG9iamVjdHNZJGFyY2hpdmVyVCR0b3ASAAGGoKgHCBMUFRYaIVUkbnVsbNMJCgsMDxJXTlMua2V5c1pOUy5vYmplY3RzViRjbGFzc6INDoACgAOiEBGABIAFgAdccmVsYXRpdmVQYXRoWWFsaWFzRGF0YV8QPy4uL0RvY3MvU3RhdGlzdGljcy9DQU5OSU5HX2V0X2FsLTIwMDgtVGhlX01hbmNoZXN0ZXJfU2Nob29sLnBkZtIXCxgZV05TLmRhdGFPEQJkAAAAAAJkAAIAAAxNYWNpbnRvc2ggSEQAAAAAAAAAAAAAAAAAAADKQVpsSCsAAAIxeCIfQ0FOTklOR19ldF9hbC0yMDA4LSM0OUVGQzJDLnBkZgAAAAAAAAAAAAAAAAAAAAAAAAAAAAAAAAAAAAAAAAAABJ78LNWuE+sAAAAAAAAAAAABAAMAAAkgAAAAAAAAAAAAAAAAAAAAClN0YXRpc3RpY3MAEAAIAADKQOnsAAAAEQAIAADVraNrAAAAAQAgAjF4IgIxd9kCIfkZAiH5EACQwikABQIVAAUCFAAAvuwAAgB8TWFjaW50b3NoIEhEOlVzZXJzOgBKdXN0ZToARG9jdW1lbnRzOgBDb21wbGV4U3lzdGVtczoAQ2l0eU5ldHdvcms6AEJpYmxpbzoARG9jczoAU3RhdGlzdGljczoAQ0FOTklOR19ldF9hbC0yMDA4LSM0OUVGQzJDLnBkZgAOAFoALABDAEEATgBOAEkATgBHAF8AZQB0AF8AYQBsAC0AMgAwADAAOAAtAFQAaABlAF8ATQBhAG4AYwBoAGUAcwB0AGUAcgBfAFMAYwBoAG8AbwBsAC4AcABkAGYADwAaAAwATQBhAGMAaQBuAHQAbwBzAGgAIABIAEQAEgB0VXNlcnMvSnVzdGUvRG9jdW1lbnRzL0NvbXBsZXhTeXN0ZW1zL0NpdHlOZXR3b3JrL0JpYmxpby9Eb2NzL1N0YXRpc3RpY3MvQ0FOTklOR19ldF9hbC0yMDA4LVRoZV9NYW5jaGVzdGVyX1NjaG9vbC5wZGYAEwABLwAAFQACAAz//wAAgAbSGxwdHlokY2xhc3NuYW1lWCRjbGFzc2VzXU5TTXV0YWJsZURhdGGjHR8gVk5TRGF0YVhOU09iamVjdNIbHCIjXE5TRGljdGlvbmFyeaIiIF8QD05TS2V5ZWRBcmNoaXZlctEmJ1Ryb290gAEACAARABoAIwAtADIANwBAAEYATQBVAGAAZwBqAGwAbgBxAHMAdQB3AIQAjgDQANUA3QNFA0cDTANXA2ADbgNyA3kDggOHA5QDlwOpA6wDsQAAAAAAAAIBAAAAAAAAACgAAAAAAAAAAAAAAAAAAAOz},
	Bdsk-Url-1 = {http://dx.doi.org/10.1111/j.1467-9957.2008.01073.x}}

@inproceedings{koninghal-00962384,
	Address = {Belgium},
	Author = {Koning, Martin and Blanquart, Corinne and Delaplace, Marie},
	Booktitle = {{ASRDLF 2013, 50{\`e}me colloque de l'Association des sciences r{\'e}gionales de langue fran{\c c}aise}},
	Date-Added = {2017-09-22 16:42:26 +0000},
	Date-Modified = {2017-09-22 16:42:31 +0000},
	Hal_Id = {hal-00962384},
	Hal_Version = {v1},
	Keywords = {TRANSPORT FERROVIAIRE ; ECONOMIE ; CALCUL ECONOMIQUE},
	Month = Jul,
	Pages = {32p},
	Pdf = {https://hal.archives-ouvertes.fr/hal-00962384/file/doc00017599.pdf},
	Title = {{Dessertes ferroviaires {\`a} grande vitesse et dynamisme {\'e}conomique local : Une analyse {\'e}conom{\'e}trique exploratoire sur les unit{\'e}s urbaines fran{\c c}aises}},
	Url = {https://hal.archives-ouvertes.fr/hal-00962384},
	Year = {2013},
	Bdsk-File-1 = {YnBsaXN0MDDUAQIDBAUGJCVYJHZlcnNpb25YJG9iamVjdHNZJGFyY2hpdmVyVCR0b3ASAAGGoKgHCBMUFRYaIVUkbnVsbNMJCgsMDxJXTlMua2V5c1pOUy5vYmplY3RzViRjbGFzc6INDoACgAOiEBGABIAFgAdccmVsYXRpdmVQYXRoWWFsaWFzRGF0YV8QIi4uL0RvY3MvU3RhdGlzdGljcy9kb2MwMDAxNzU5OS5wZGbSFwsYGVdOUy5kYXRhTxEB/gAAAAAB/gACAAAMTWFjaW50b3NoIEhEAAAAAAAAAAAAAAAAAAAAykFabEgrAAACMXgiD2RvYzAwMDE3NTk5LnBkZgAAAAAAAAAAAAAAAAAAAAAAAAAAAAAAAAAAAAAAAAAAAAAAAAAAAAAAAAAAAAAAAASe8IzVrfI2AAAAAAAAAAAAAQADAAAJIAAAAAAAAAAAAAAAAAAAAApTdGF0aXN0aWNzABAACAAAykDp7AAAABEACAAA1a2BtgAAAAEAIAIxeCICMXfZAiH5GQIh+RAAkMIpAAUCFQAFAhQAAL7sAAIAbE1hY2ludG9zaCBIRDpVc2VyczoASnVzdGU6AERvY3VtZW50czoAQ29tcGxleFN5c3RlbXM6AENpdHlOZXR3b3JrOgBCaWJsaW86AERvY3M6AFN0YXRpc3RpY3M6AGRvYzAwMDE3NTk5LnBkZgAOACAADwBkAG8AYwAwADAAMAAxADcANQA5ADkALgBwAGQAZgAPABoADABNAGEAYwBpAG4AdABvAHMAaAAgAEgARAASAFdVc2Vycy9KdXN0ZS9Eb2N1bWVudHMvQ29tcGxleFN5c3RlbXMvQ2l0eU5ldHdvcmsvQmlibGlvL0RvY3MvU3RhdGlzdGljcy9kb2MwMDAxNzU5OS5wZGYAABMAAS8AABUAAgAM//8AAIAG0hscHR5aJGNsYXNzbmFtZVgkY2xhc3Nlc11OU011dGFibGVEYXRhox0fIFZOU0RhdGFYTlNPYmplY3TSGxwiI1xOU0RpY3Rpb25hcnmiIiBfEA9OU0tleWVkQXJjaGl2ZXLRJidUcm9vdIABAAgAEQAaACMALQAyADcAQABGAE0AVQBgAGcAagBsAG4AcQBzAHUAdwCEAI4AswC4AMACwgLEAskC1ALdAusC7wL2Av8DBAMRAxQDJgMpAy4AAAAAAAACAQAAAAAAAAAoAAAAAAAAAAAAAAAAAAADMA==},
	Bdsk-Url-1 = {https://hal.archives-ouvertes.fr/hal-00962384}}

@article{doi10.1068/b39089,
	Abstract = { The objective of this study was to investigate the impact of political history on the dynamics of the interrelationship between land use and road networks within cities. Political history, in this study, is defined as the combination of the regional-level government programs and political events that affect the pattern of urbanization in a region. The study focused on urbanization in the cities of Pordenone and Gorizia, both situated in the Friuli-Venezia Giulia region of northeastern Italy, over the period 1950--2000. Being located adjacent to an international boundary, the city of Gorizia has a long history of political instability dating back to the beginning of the 20th century. It is assumed that this political instability has led to the application of differential socioeconomic policies which have affected the process of urbanization in the city. The aim of the study was to capture this effect by investigating the structural changes over the period of fifty years in both land use and the road network. In order to understand the extent of the effect Pordenone was used for comparison, since it has experienced a relatively peaceful past and regular growth. MOLAND (monitoring land-use/cover dynamics) data for land use and the road network were used for the study. Graph theory measures were used for a comparative analysis of the structural properties of road networks in both cities and their development over time. In order to understand the spatial relationship between change in land use and the road network, a nonparametric test of the spatial correspondence of areal distribution was used and tested at multiple spatial scales. The results suggest that political history does affect the land-use and road-network changes individually, but it did not affect the type of spatial relationship that exists between the two for those particular cities. This research makes a unique attempt to analyze the impact of policy on land-use and road-network change by using spatial data and methods of analysis which can help to understand their overall dynamics and that can be used as an alternative to data-intensive and time-intensive simulation models. },
	Author = {{Gargi Chaudhuri and Keith C Clarke}},
	Date-Added = {2017-09-22 16:40:50 +0000},
	Date-Modified = {2017-09-22 16:40:54 +0000},
	Doi = {{10.1068/b39089}},
	Journal = {{Environment and Planning B: Planning and Design}},
	Number = {1},
	Pages = {133-156},
	Title = {{On the Spatiotemporal Dynamics of the Coupling between Land Use and Road Networks: Does Political History Matter?}},
	Url = {{http://dx.doi.org/10.1068/b39089}},
	Volume = {42},
	Year = {{2015}},
	Bdsk-File-1 = {YnBsaXN0MDDUAQIDBAUGJCVYJHZlcnNpb25YJG9iamVjdHNZJGFyY2hpdmVyVCR0b3ASAAGGoKgHCBMUFRYaIVUkbnVsbNMJCgsMDxJXTlMua2V5c1pOUy5vYmplY3RzViRjbGFzc6INDoACgAOiEBGABIAFgAdccmVsYXRpdmVQYXRoWWFsaWFzRGF0YV8QKy4uL0RvY3MvU3BhdGlhbFN0YXRpc3RpY3MvY2hhdWRodXJpMjAxNS5wZGbSFwsYGVdOUy5kYXRhTxECHAAAAAACHAACAAAMTWFjaW50b3NoIEhEAAAAAAAAAAAAAAAAAAAAykFabEgrAAAEHoeUEWNoYXVkaHVyaTIwMTUucGRmAAAAAAAAAAAAAAAAAAAAAAAAAAAAAAAAAAAAAAAAAAAAAAAAAAAAAAAAAAAAAASdazPVosPgAAAAAAAAAAAAAQADAAAJIAAAAAAAAAAAAAAAAAAAABFTcGF0aWFsU3RhdGlzdGljcwAAEAAIAADKQOnsAAAAEQAIAADVolNgAAAAAQAgBB6HlAIxd9kCIfkZAiH5EACQwikABQIVAAUCFAAAvuwAAgB1TWFjaW50b3NoIEhEOlVzZXJzOgBKdXN0ZToARG9jdW1lbnRzOgBDb21wbGV4U3lzdGVtczoAQ2l0eU5ldHdvcms6AEJpYmxpbzoARG9jczoAU3BhdGlhbFN0YXRpc3RpY3M6AGNoYXVkaHVyaTIwMTUucGRmAAAOACQAEQBjAGgAYQB1AGQAaAB1AHIAaQAyADAAMQA1AC4AcABkAGYADwAaAAwATQBhAGMAaQBuAHQAbwBzAGgAIABIAEQAEgBgVXNlcnMvSnVzdGUvRG9jdW1lbnRzL0NvbXBsZXhTeXN0ZW1zL0NpdHlOZXR3b3JrL0JpYmxpby9Eb2NzL1NwYXRpYWxTdGF0aXN0aWNzL2NoYXVkaHVyaTIwMTUucGRmABMAAS8AABUAAgAM//8AAIAG0hscHR5aJGNsYXNzbmFtZVgkY2xhc3Nlc11OU011dGFibGVEYXRhox0fIFZOU0RhdGFYTlNPYmplY3TSGxwiI1xOU0RpY3Rpb25hcnmiIiBfEA9OU0tleWVkQXJjaGl2ZXLRJidUcm9vdIABAAgAEQAaACMALQAyADcAQABGAE0AVQBgAGcAagBsAG4AcQBzAHUAdwCEAI4AvADBAMkC6QLrAvAC+wMEAxIDFgMdAyYDKwM4AzsDTQNQA1UAAAAAAAACAQAAAAAAAAAoAAAAAAAAAAAAAAAAAAADVw==},
	Bdsk-Url-1 = {http://dx.doi.org/10.1068/b39089}}

@article{guerois2009dynamique,
	Author = {Gu{\'e}rois, Marianne and Le Goix, Renaud},
	Journal = {Cybergeo: European Journal of Geography},
	Publisher = {CNRS-UMR G{\'e}ographie-cit{\'e}s 8504},
	Title = {La dynamique spatio-temporelle des prix immobiliers {\`a} diff{\'e}rentes {\'e}chelles: le cas des appartements anciens {\`a} Paris (1990-2003)},
	Year = {2009}}

@inproceedings{raimbault2016generation,
	Author = {Raimbault, Juste},
	Booktitle = {Rochebrune 2016 - Rencontre Interdisciplinaires sur les Syst{\`e}mes Complexes Naturels et Artificiels},
	Title = {G{\'e}n{\'e}ration de Donn{\'e}es Synth{\'e}tiques Corr{\'e}l{\'e}es},
	Year = {2016}}

@article{pumain2010theorie,
	Author = {Pumain, Denise},
	Journal = {Bulletin de la Soci{\'e}t{\'e} g{\'e}ographie de Li{\`e}ge},
	Number = {55},
	Pages = {5--15},
	Title = {Une th{\'e}orie g{\'e}ographique des villes},
	Year = {2010}}

@article{10.1371/journal.pone.0176310,
	Abstract = {In this paper, we extend some usual techniques of classification resulting from a large-scale data-mining and network approach. This new technology, which in particular is designed to be suitable to big data, is used to construct an open consolidated database from raw data on 4 million patents taken from the US patent office from 1976 onward. To build the pattern network, not only do we look at each patent title, but we also examine their full abstract and extract the relevant keywords accordingly. We refer to this classification as semantic approach in contrast with the more common technological approach which consists in taking the topology when considering US Patent office technological classes. Moreover, we document that both approaches have highly different topological measures and strong statistical evidence that they feature a different model. This suggests that our method is a useful tool to extract endogenous information.},
	Author = {Bergeaud, Antonin AND Potiron, Yoann AND Raimbault, Juste},
	Doi = {10.1371/journal.pone.0176310},
	Journal = {PLOS ONE},
	Month = {04},
	Number = {4},
	Pages = {1-22},
	Publisher = {Public Library of Science},
	Title = {Classifying patents based on their semantic content},
	Url = {https://doi.org/10.1371/journal.pone.0176310},
	Volume = {12},
	Year = {2017},
	Bdsk-Url-1 = {https://doi.org/10.1371/journal.pone.0176310},
	Bdsk-Url-2 = {http://dx.doi.org/10.1371/journal.pone.0176310}}

@article{brunsdon1998geographically,
	Author = {Brunsdon, Chris and Fotheringham, Stewart and Charlton, Martin},
	Journal = {Journal of the Royal Statistical Society: Series D (The Statistician)},
	Number = {3},
	Pages = {431--443},
	Publisher = {Wiley Online Library},
	Title = {Geographically weighted regression},
	Volume = {47},
	Year = {1998}}

@article{pumain2003approche,
	Author = {Pumain, Denise},
	Journal = {Geocarrefour},
	Number = {1},
	Pages = {25--31},
	Publisher = {Association des amis de la Revue de G{\'e}ographie de Lyon},
	Title = {Une approche de la complexit{\'e} en g{\'e}ographie},
	Volume = {78},
	Year = {2003}}

@manual{rcoreteam,
	Address = {Vienna, Austria},
	Author = {{R Core Team}},
	Date-Added = {2015-05-19 13:36:38 +0000},
	Date-Modified = {2015-05-19 13:36:43 +0000},
	Organization = {R Foundation for Statistical Computing},
	Title = {R: A Language and Environment for Statistical Computing},
	Url = {http://www.R-project.org/},
	Year = {2015},
	Bdsk-Url-1 = {http://www.R-project.org/}}

@techreport{aghion2015innovation,
	Author = {Aghion, Philippe and Akcigit, Ufuk and Bergeaud, Antonin and Blundell, Richard and H{\'e}mous, David},
	Institution = {National Bureau of Economic Research},
	Title = {Innovation and top income inequality},
	Year = {2015}}

@article{audretsch1996r,
	Author = {Audretsch, David B and Feldman, Maryann P},
	Journal = {The American economic review},
	Number = {3},
	Pages = {630--640},
	Publisher = {JSTOR},
	Title = {R\&D spillovers and the geography of innovation and production},
	Volume = {86},
	Year = {1996}}

@article{cerqueira2017inegalites,
	Author = {Cerqueira, Eug{\^e}nia Viana},
	Journal = {EchoG{\'e}o},
	Number = {39},
	Publisher = {P{\^o}le de recherche pour l'organisation et la diffusion de l'information g{\'e}ographique (CNRS UMR 8586)},
	Title = {Les in{\'e}galit{\'e}s d'acc{\`e}s aux ressources urbaines dans les franges p{\'e}riph{\'e}riques de Belo Horizonte (Br{\'e}sil): quelles {\'e}volutions?},
	Year = {2017}}

@misc{durand2003geographes,
	Author = {Durand-Dastes, Fran{\c{c}}ois},
	Publisher = {PUF},
	Title = {Les g{\'e}ographes et la notion de causalit{\'e}},
	Year = {2003}}

@article{claval1985causalite,
	Author = {Claval, Paul},
	Journal = {Espace g{\'e}ographique},
	Number = {2},
	Pages = {109--115},
	Publisher = {Pers{\'e}e-Portail des revues scientifiques en SHS},
	Title = {Causalit{\'e} et g{\'e}ographie},
	Volume = {14},
	Year = {1985}}

@article{loi1985etude,
	Author = {Loi, Daniel},
	Journal = {Espace g{\'e}ographique},
	Number = {2},
	Pages = {121--125},
	Publisher = {Pers{\'e}e-Portail des revues scientifiques en SHS},
	Title = {Une {\'e}tude de la causalit{\'e} dans la g{\'e}ographie classique fran{\c{c}}aise.[L'exemple des premi{\`e}res th{\`e}ses r{\'e}gionales]},
	Volume = {14},
	Year = {1985}}

@article{desjardins2010bataille,
	Author = {Desjardins, Xavier},
	Journal = {L'Information g{\'e}ographique},
	Number = {4},
	Pages = {29--46},
	Publisher = {Armand Colin},
	Title = {la bataille du Grand Paris},
	Volume = {74},
	Year = {2010}}

@article{beaucire2013grand,
	Author = {Beaucire, Francis and Drevelle, Matthieu},
	Journal = {Revue d'{\'E}conomie R{\'e}gionale \& Urbaine},
	Number = {3},
	Pages = {437--460},
	Publisher = {Armand Colin},
	Title = {{\guillemotleft}Grand Paris Express{\guillemotright}: un projet au service de la r{\'e}duction des in{\'e}galit{\'e}s d'accessibilit{\'e} entre l'Ouest et l'Est de la r{\'e}gion urbaine de Paris?},
	Year = {2013}}

@misc{sdrif2013,
	Author = {SDRIF},
	Title = {{\^I}le-de-France 2030. ORIENTATIONS R{\'E}GLEMENTAIRES ET CARTE DE DESTINATION G{\'E}N{\'E}RALE DES DIFF{\'E}RENTES PARTIES DU TERRITOIRE.},
	Year = {2013}}

@misc{stif2007arc,
	Author = {STIF},
	Howpublished = {\\archived at http://archive.wikiwix.com/cache/?url=http{\%}3A{\%}2F{\%}2Fwww.debatpublic-arcexpress.org{\%}2F{\_}script{\%}2Fntsp-document-file{\_}download.php{\%}3Fdocument{\_}id\\{\%}3D92{\%}26document{\_}file{\_}id{\%}3D106},
	Title = {ArcExpress, d{\'e}bat public sur le m{\'e}tro de rocade. Dossier du Maitre d'Ouvrage.},
	Year = {2010}}

@inproceedings{hamerly2003learning,
	Author = {Hamerly, Greg and Elkan, Charles and others},
	Booktitle = {NIPS},
	Pages = {281--288},
	Title = {Learning the k in k-means},
	Volume = {3},
	Year = {2003}}

@phdthesis{bretagnolletel00459720,
	Affiliation = {G{\'e}ographie-cit{\'e}s - GC},
	Author = {Bretagnolle, Anne},
	Date-Added = {2015-02-17 16:33:50 +0000},
	Date-Modified = {2015-02-26 14:10:44 +0000},
	Hal_Id = {tel-00459720},
	Keywords = {Ville ; R{\'e}seaux de transport ; Vitesse ; Bases de donn{\'e}es ; Hi{\'e}rarchie ; Accessibilit{\'e} ; G{\'e}ographie urbaine ; Analyse spatiale ; Histoire ; France ; Europe ; Etats-Unis ; 17{\`e}me-20{\`e}me si{\`e}cles.},
	Language = {Fran{\c c}ais},
	Month = Jun,
	Pdf = {http://tel.archives-ouvertes.fr/tel-00459720/PDF/Volume3IneditHDRBretagnolle.pdf},
	School = {Universit{\'e} Panth{\'e}on-Sorbonne - Paris I},
	Title = {{Villes et r{\'e}seaux de transport : des interactions dans la longue dur{\'e}e, France, Europe, {\'E}tats-Unis}},
	Type = {HDR},
	Url = {http://tel.archives-ouvertes.fr/tel-00459720},
	Year = {2009},
	Bdsk-Url-1 = {http://tel.archives-ouvertes.fr/tel-00459720}}

@article{crozethalshs01094554,
	Author = {Crozet, Yves and Dumont, Francois},
	Date-Added = {2015-07-08 16:16:42 +0000},
	Date-Modified = {2015-07-08 16:16:42 +0000},
	Hal_Id = {halshs-01094554},
	Hal_Version = {v1},
	Journal = {{Ville, Rail et Transports}},
	Keywords = {transport ferroviaire ; effet socio-{\'e}conomique du transport ; TGV ; transport {\`a} grande vitesse},
	Number = {525},
	Pages = {48-51},
	Pdf = {https://halshs.archives-ouvertes.fr/halshs-01094554/file/VRT_N525_Crozet_Dumont.pdf},
	Title = {{Retour sur les effets {\'e}conomiques du TGV. Les effets structurants sont un mythe (interview)}},
	Url = {https://halshs.archives-ouvertes.fr/halshs-01094554},
	Year = {2011},
	Bdsk-Url-1 = {https://halshs.archives-ouvertes.fr/halshs-01094554}}




@ARTICLE{2016arXiv160806313S,
   author = {{Sheridan Dodds}, P. and {Rushing Dewhurst}, D. and {Hazlehurst}, F.~F. and 
	{Van Oort}, C.~M. and {Mitchell}, L. and {Reagan}, A.~J. and 
	{Ryland Williams}, J. and {Danforth}, C.~M.},
    title = "{Simon's fundamental rich-get-richer model entails a dominant first-mover advantage}",
  journal = {ArXiv e-prints},
archivePrefix = "arXiv",
   eprint = {1608.06313},
 primaryClass = "physics.soc-ph",
 keywords = {Physics - Physics and Society, Quantitative Biology - Populations and Evolution},
     year = 2016,
    month = aug,
   adsurl = {http://adsabs.harvard.edu/abs/2016arXiv160806313S},
  adsnote = {Provided by the SAO/NASA Astrophysics Data System}
}




@article{bieler2011whole,
  title={Whole-embryo modeling of early segmentation in Drosophila identifies robust and fragile expression domains},
  author={Bieler, Jonathan and Pozzorini, Christian and Naef, Felix},
  journal={Biophysical journal},
  volume={101},
  number={2},
  pages={287--296},
  year={2011},
  publisher={Elsevier}
}



@incollection{lakatos1976falsification,
  title={Falsification and the methodology of scientific research programmes},
  author={Lakatos, Imre},
  booktitle={Can Theories be Refuted?},
  pages={205--259},
  year={1976},
  publisher={Springer}
}

@article{raimbault2016models,
  title={Models Coupling Urban Growth and Transportation Network Growth: An Algorithmic Systematic Review Approach},
  author={Raimbault, Juste},
  journal={arXiv preprint arXiv:1605.08888},
  year={2016}
}


@article{livet2010ontology,
  title={Ontology, a mediator for agent-based modeling in social science},
  author={Livet, Pierre and Muller, Jean-Pierre and Phan, Denis and Sanders, Lena},
  journal={Journal of Artificial Societies and Social Simulation},
  volume={13},
  number={1},
  pages={3},
  year={2010}
}



@article{bedau2002downward,
  title={Downward causation and the autonomy of weak emergence},
  author={Bedau, Mark},
  journal={Principia},
  volume={6},
  number={1},
  pages={5},
  year={2002},
  publisher={Universidade Federal de Santa Catarina, N{\'u}cleo de Epistemologia e L{\'o}gica}
}


@incollection{douady2011dunes,
  title={Dunes, the Collective Behaviour of Wind and Sand, or: Are Dunes Living Beings?},
  author={Douady, St{\'e}phane and Hersen, Pascal},
  booktitle={Morphogenesis},
  pages={107--118},
  year={2011},
  publisher={Springer}
}



@article{lord1981cleistogamy,
  title={Cleistogamy: a tool for the study of floral morphogenesis, function and evolution},
  author={Lord, Elizabeth M},
  journal={The Botanical Review},
  volume={47},
  number={4},
  pages={421--449},
  year={1981},
  publisher={Springer}
}






@article{thom1974stabilite,
	Author = {Thom, Ren{\'e}},
	Journal = {Poetics},
	Number = {2},
	Pages = {7--19},
	Title = {Stabilit{\'e} structurelle et morphog{\'e}n{\`e}se},
	Volume = {3},
	Year = {1974}}



@book{holland2012signals,
  title={Signals and boundaries: Building blocks for complex adaptive systems},
  author={Holland, John H},
  year={2012},
  publisher={Mit Press}
}


@article{turing1952chemical,
  title={The chemical basis of morphogenesis},
  author={Turing, Alan Mathison},
  journal={Philosophical Transactions of the Royal Society of London B: Biological Sciences},
  volume={237},
  number={641},
  pages={37--72},
  year={1952},
  publisher={The Royal Society}
}


@article{voss2012multi,
	Author = {Voss-B{\"o}hme, Anja},
	Journal = {PloS one},
	Number = {9},
	Pages = {e42852},
	Title = {Multi-scale modeling in morphogenesis: a critical analysis of the cellular Potts model},
	Volume = {7},
	Year = {2012}}



@inproceedings{raimbault2014hybrid,
  title={A Hybrid Network/Grid Model of Urban Morphogenesis and Optimization},
  author={Raimbault, Juste and Banos, Arnaud and Doursat, Ren{\'e}},
  booktitle={Proceedings of the 4th International Conference on Complex Systems and Applications (ICCSA 2014)},
  pages={51--60},
  year={2014}
}



@incollection{cussat2012synthesis,
	Author = {Cussat-Blanc, Sylvain and Pascalie, Jonathan and Mazac, S{\'e}bastien and Luga, Herv{\'e} and Duthen, Yves},
	Booktitle = {Morphogenetic Engineering},
	Pages = {353--381},
	Publisher = {Springer},
	Title = {A synthesis of the Cell2Organ developmental model},
	Year = {2012}}



@inproceedings{doursat2008programmable,
	Author = {Doursat, Ren{\'e}},
	Booktitle = {ALIFE},
	Pages = {181--188},
	Title = {Programmable Architectures That Are Complex and Self-Organized-From Morphogenesis to Engineering.},
	Year = {2008}}



@techreport{crosato2014self,
	Author = {E. Crosato},
	Institution = {Vrije Universiteit Amsterdam},
	Title = {Artificial Self-Assembly : Literature Review},
	Year = {2014}}



@book{bourgine2010morphogenesis,
	Author = {Bourgine, Paul and Lesne, Annick},
	Publisher = {Springer Science \& Business Media},
	Title = {Morphogenesis: origins of patterns and shapes},
	Year = {2010}}




@article{han2016coordinating,
	Author = {Han, Peidong and Bloomekatz, Joshua and Ren, Jie and Zhang, Ruilin and Grinstein, Jonathan D and Zhao, Long and Burns, C Geoffrey and Burns, Caroline E and Anderson, Ryan M and Chi, Neil C},
	Journal = {Nature},
	Number = {7609},
	Pages = {700--704},
	Title = {Coordinating cardiomyocyte interactions to direct ventricular chamber morphogenesis},
	Volume = {534},
	Year = {2016}}





@article{minter2012morphogenesis,
	Author = {Minter, Nicholas J and Franks, Nigel R and Brown, Katharine A Robson},
	Journal = {Journal of the Royal Society Interface},
	Number = {68},
	Pages = {586--595},
	Title = {Morphogenesis of an extended phenotype: four-dimensional ant nest architecture},
	Volume = {9},
	Year = {2012}}




@article{chapman1998morphogenesis,
  title={Morphogenesis by symbiogenesis},
  author={Chapman, Michael J and Margulis, Lynn},
  journal={International Microbiology},
  volume={1},
  number={4},
  year={1998}
}



@article{doursat2013review,
  title={A review of morphogenetic engineering},
  author={Doursat, Ren{\'e} and Sayama, Hiroki and Michel, Olivier},
  journal={Natural Computing},
  volume={12},
  number={4},
  pages={517--535},
  year={2013},
  publisher={Springer}
}



@article{gierer1972theory,
  title={A theory of biological pattern formation},
  author={Gierer, Alfred and Meinhardt, Hans},
  journal={Kybernetik},
  volume={12},
  number={1},
  pages={30--39},
  year={1972},
  publisher={Springer}
}



@article{kondo2010reaction,
  title={Reaction-diffusion model as a framework for understanding biological pattern formation},
  author={Kondo, Shigeru and Miura, Takashi},
  journal={science},
  volume={329},
  number={5999},
  pages={1616--1620},
  year={2010},
  publisher={American Association for the Advancement of Science}
}

@article{lord1981cleistogamy,
  title={Cleistogamy: a tool for the study of floral morphogenesis, function and evolution},
  author={Lord, Elizabeth M},
  journal={The Botanical Review},
  volume={47},
  number={4},
  pages={421--449},
  year={1981},
  publisher={Springer}
}




@article{bourgine2004autopoiesis,
	Author = {Bourgine, Paul and Stewart, John},
	Journal = {Artificial life},
	Number = {3},
	Pages = {327--345},
	Title = {Autopoiesis and cognition},
	Volume = {10},
	Year = {2004}}




@article{straus1977societal,
	Author = {Straus, Murray A},
	Journal = {Annals of the New York Academy of Sciences},
	Number = {1},
	Pages = {717--730},
	Title = {Societal morphogenesis and intrafamily violence in cross-cultural perspective},
	Volume = {285},
	Year = {1977}}




@article{mehaffy2007notes,
	Author = {Mehaffy, Michael W},
	Journal = {Urban Design International},
	Number = {1},
	Pages = {41--49},
	Title = {Notes on the genesis of wholes: Christopher Alexander and his continuing influence},
	Volume = {12},
	Year = {2007}}



@article{renfrew1978trajectory,
	Author = {Renfrew, Colin},
	Journal = {American Antiquity},
	Pages = {203--222},
	Title = {Trajectory discontinuity and morphogenesis: the implications of catastrophe theory for archaeology},
	Year = {1978}}




@article{achibet2014model,
	Author = {Achibet, Merwan and Balev, Stefan and Dutot, Antoine and Olivier, Damien},
	Journal = {Procedia Computer Science},
	Pages = {828--833},
	Title = {A Model of Road Network and Buildings Extension Co-evolution},
	Volume = {32},
	Year = {2014}}




@article{thom1974stabilite,
	Author = {Thom, Ren{\'e}},
	Journal = {Poetics},
	Number = {2},
	Pages = {7--19},
	Title = {Stabilit{\'e} structurelle et morphog{\'e}n{\`e}se},
	Volume = {3},
	Year = {1974}}



@article{makse1998modeling,
	Author = {Makse, Hern{\'a}n A and Andrade, Jos{\'e} S and Batty, Michael and Havlin, Shlomo and Stanley, H Eugene and others},
	Journal = {Physical Review E},
	Number = {6},
	Pages = {7054},
	Title = {Modeling urban growth patterns with correlated percolation},
	Volume = {58},
	Year = {1998}}


@inproceedings{bonin2012modele,
	Author = {Bonin, Olivier and Hubert, Jean-Paul and others},
	Booktitle = {49{\`e} colloque de l'ASRDLF},
	Title = {Mod{\`e}le de morphog{\'e}n{\`e}se urbaine: simulation d'espaces qualitativement diff{\'e}renci{\'e}s dans le cadre du mod{\`e}le de l'{\'e}conomie urbaine},
	Year = {2012}}




@article{moudon1997urban,
	Author = {Moudon, Anne Vernez},
	Journal = {Urban morphology},
	Number = {1},
	Pages = {3--10},
	Title = {Urban morphology as an emerging interdisciplinary field},
	Volume = {1},
	Year = {1997}}


@article{burke1972dublin,
	Author = {Burke, Nuala T},
	Title = {Dublin 1600-1800: a study in urban morphogenesis},
	Year = {1972}}


@article{olsen1982urban,
	Author = {Olsen, Sherry},
	Journal = {Urban Geography},
	Number = {2},
	Pages = {87--109},
	Title = {Urban metabolism and morphogenesis},
	Volume = {3},
	Year = {1982}}

@article{abercrombie1977concepts,
  title={Concepts in morphogenesis},
  author={Abercrombie, Michael},
  journal={Proceedings of the Royal Society of London B: Biological Sciences},
  volume={199},
  number={1136},
  pages={337--344},
  year={1977},
  publisher={The Royal Society}
}
@article{gilbert2003morphogenesis,
  title={The morphogenesis of evolutionary developmental biology},
  author={Gilbert, Scott F},
  journal={International Journal of Developmental Biology},
  volume={47},
  number={7-8},
  pages={467},
  year={2003}
}
@article{thompson1942growth,
  title={On growth and form.},
  author={Thompson, Darcy Wentworth and others},
  journal={On growth and form.},
  year={1942},
  publisher={Cambridge Univ. Press}
}
@article{nakamasu2009interactions,
  title={Interactions between zebrafish pigment cells responsible for the generation of Turing patterns},
  author={Nakamasu, Akiko and Takahashi, Go and Kanbe, Akio and Kondo, Shigeru},
  journal={Proceedings of the National Academy of Sciences},
  volume={106},
  number={21},
  pages={8429--8434},
  year={2009},
  publisher={National Acad Sciences}
}
@article{goryachev2008dynamics,
  title={Dynamics of Cdc42 network embodies a Turing-type mechanism of yeast cell polarity},
  author={Goryachev, Andrew B and Pokhilko, Alexandra V},
  journal={FEBS letters},
  volume={582},
  number={10},
  pages={1437--1443},
  year={2008},
  publisher={Wiley Online Library}
}



@article{raimbault2017calibration,
  title={Calibration of a Density-based Model of Urban Morphogenesis},
  author={Raimbault, Juste},
  journal={arXiv preprint arXiv:1708.06743},
  year={2017}
}



@article{sayama2007decentralized,
  title={Decentralized control and interactive design methods for large-scale heterogeneous self-organizing swarms},
  author={Sayama, Hiroki},
  journal={Advances in Artificial Life},
  pages={675--684},
  year={2007},
  publisher={Springer}
}



@article{jun2005formation,
	Author = {Jun, Joseph K and H{\"u}bler, Alfred H},
	Date-Added = {2017-10-10 13:14:27 +0000},
	Date-Modified = {2017-10-10 13:14:27 +0000},
	Journal = {Proceedings of the National Academy of Sciences of the United States of America},
	Number = {3},
	Pages = {536--540},
	Publisher = {National Acad Sciences},
	Title = {Formation and structure of ramified charge transportation networks in an electromechanical system},
	Volume = {102},
	Year = {2005}}




@inproceedings{raimbault2017applied,
  title={An Applied Knowledge Framework to Study Complex Systems},
  author={Raimbault, Juste},
  booktitle={Complex Systems Design \& Management},
  pages={31--45},
  year={2017}
}



@article{jun2005formation,
	Author = {Jun, Joseph K and H{\"u}bler, Alfred H},
	Date-Added = {2017-10-10 13:14:27 +0000},
	Date-Modified = {2017-10-10 13:14:27 +0000},
	Journal = {Proceedings of the National Academy of Sciences of the United States of America},
	Number = {3},
	Pages = {536--540},
	Publisher = {National Acad Sciences},
	Title = {Formation and structure of ramified charge transportation networks in an electromechanical system},
	Volume = {102},
	Year = {2005}}



@article{raimbault2017calibration,
  title={Calibration of a Density-based Model of Urban Morphogenesis},
  author={Raimbault, Juste},
  journal={arXiv preprint arXiv:1708.06743},
  year={2017}
}



@article{sayama2007decentralized,
  title={Decentralized control and interactive design methods for large-scale heterogeneous self-organizing swarms},
  author={Sayama, Hiroki},
  journal={Advances in Artificial Life},
  pages={675--684},
  year={2007},
  publisher={Springer}
}