%% This BibTeX bibliography file was created using BibDesk.
%% http://bibdesk.sourceforge.net/

%% Created for Juste Raimbault at 2017-10-10 18:09:14 +0200 


%% Saved with string encoding Unicode (UTF-8) 


@comment{put your biblio here in bibtex format}



@article{raimbault2019multi,
  title={Multi-dimensional Urban Network Percolation},
  author={Raimbault, Juste},
  journal={Journal of Interdisciplinary Methodologies and Issues in Science},
  volume={5},
  pages={5},
  year={2019}
}


@article{raimbault2018space,
  title={Space Matters: extending sensitivity analysis to initial spatial conditions in geosimulation models},
  author={Raimbault, Juste and Cottineau, Cl{\'e}mentine and Texier, M Le and N{\'e}chet, F Le and Reuillon, Romain},
  journal={Journal of Artificial Societies and Social Simulation},
  year={2019},
  volume={22},
  number={4},
  pages={10}
}


@book{pumain2017urban,
	Author = {Pumain, Denise and Reuillon, Romain},
	Publisher = {Springer International},
	Title = {Urban Dynamics and Simulation Models},
	Year = {2017}}



@article{wegener2004land,
	Author = {Wegener, Michael and F{\"u}rst, Franz},
	Journal = {Available at SSRN 1434678},
	Title = {Land-use transport interaction: state of the art},
	Year = {2004}}


@inproceedings{le2015modeling,
  title={Modeling the emergence of metropolitan transport autorithy in a polycentric urban region},
  author={Le N{\'e}chet, Florent and Raimbault, Juste},
  year={2015}
}

@inproceedings{bonin2012modele,
  title={Mod{\`e}le de morphog{\'e}n{\`e}se urbaine: simulation d'espaces qualitativement diff{\'e}renci{\'e}s dans le cadre du mod{\`e}le de l'{\'e}conomie urbaine},
  author={Bonin, Olivier and Hubert, Jean-Paul},
  year={2012}
}


@article{bonin2014modelisation,
  title={Mod{\'e}lisation morphog{\'e}n{\'e}tique de moyen terme des villes: une sch{\'e}matisation du mod{\`e}le th{\'e}orique de Ritchot et Desmarais dans le cadre du mod{\`e}le standard de l'{\'e}conomie urbaine},
  author={Bonin, Olivier and Hubert, Jean-Paul},
  journal={Revue dEconomie Regionale Urbaine},
  number={3},
  pages={471--497},
  year={2014},
  publisher={Armand Colin}
}


@inproceedings{raimbault:halshs-02351722,
  TITLE = {{A multi-scalar model for system of cities}},
  AUTHOR = {Raimbault, Juste},
  URL = {https://halshs.archives-ouvertes.fr/halshs-02351722},
  BOOKTITLE = {{Conference on Complex Systems 2019}},
  ADDRESS = {Singapore, Singapore},
  YEAR = {2019},
  MONTH = Sep,
  HAL_ID = {halshs-02351722},
  HAL_VERSION = {v1},
}


@article{salat2017multifractal,
  title={Multifractal methodology},
  author={Salat, Hadrien and Murcio, Roberto and Arcaute, Elsa},
  journal={Physica A: Statistical Mechanics and its Applications},
  volume={473},
  pages={467--487},
  year={2017},
  publisher={Elsevier}
}


@incollection{frankhauser2008fractal,
  title={Fractal geometry for measuring and modelling urban patterns},
  author={Frankhauser, Pierre},
  booktitle={The dynamics of complex urban systems},
  pages={213--243},
  year={2008},
  publisher={Springer}
}


@misc{batty1999research,
  title={A research programme for urban morphology},
  author={Batty, M},
  year={1999},
  publisher={SAGE Publications Sage UK: London, England}
}


@article{barthelemy2009co,
	Author = {Barthelemy, Marc and Flammini, Alessandro},
	Journal = {Networks and spatial economics},
	Number = {3},
	Pages = {401--425},
	Title = {Co-evolution of density and topology in a simple model of city formation},
	Volume = {9},
	Year = {2009}}



@incollection{blumenfeld2010network,
	Author = {Blumenfeld-Lieberthal, Efrat and Portugali, Juval},
	Booktitle = {Geospatial Analysis and Modelling of Urban Structure and Dynamics},
	Pages = {77--90},
	Publisher = {Springer},
	Title = {Network cities: A complexity-network approach to urban dynamics and development},
	Year = {2010}}




@article{wu2017city,
	Author = {Wu, Jianjun and Li, Rong and Ding, Rui and Li, Tongfei and Sun, Huijun},
	Journal = {Applied Mathematical Modelling},
	Pages = {1--14},
	Title = {City expansion model based on population diffusion and road growth},
	Volume = {43},
	Year = {2017}}



@article{baptistemodeling,
	Author = {Baptiste, Herv{\'e}},
	Journal = {Graphs and Networks: Multilevel Modeling, Second Edition},
	Pages = {67--89},
	Title = {Modeling the Evolution of a Transport System and its Impacts on a French Urban System},
	Year = {2010}}



@phdthesis{raimbault2018caracterisation,
  title={Caract{\'e}risation et mod{\'e}lisation de la co-{\'e}volution des r{\'e}seaux de transport et des territoires},
  author={Raimbault, Juste},
  year={2018},
  school={Universit{\'e} Paris 7 Denis Diderot}
}

@phdthesis{bretagnolle:tel-00459720,
	Author = {Bretagnolle, Anne},
	Month = Jun,
	School = {Universit{\'e} Panth{\'e}on-Sorbonne - Paris I},
	Title = {{Villes et r{\'e}seaux de transport : des interactions dans la longue dur{\'e}e, France, Europe, {\'E}tats-Unis}},
	Type = {HDR},
	Year = {2009}}



@article{10.1371/journal.pone.0133780,
	Author = {Murcio, Roberto AND Morphet, Robin AND Gershenson, Carlos AND Batty, Michael},
	Journal = {PLoS ONE},
	Month = {07},
	Number = {7},
	Pages = {e0133780},
	Title = {Urban Transfer Entropy across Scales},
	Volume = {10},
	Year = {2015}}



@article{reuillon2013openmole,
	Author = {Reuillon, Romain and Leclaire, Mathieu and Rey-Coyrehourcq, Sebastien},
	Journal = {Future Generation Computer Systems},
	Number = {8},
	Pages = {1981--1990},
	Title = {OpenMOLE, a workflow engine specifically tailored for the distributed exploration of simulation models},
	Volume = {29},
	Year = {2013}}




@article{tero2010rules,
	Author = {Tero, Atsushi and Takagi, Seiji and Saigusa, Tetsu and Ito, Kentaro and Bebber, Dan P. and Fricker, Mark D. and Yumiki, Kenji and Kobayashi, Ryo and Nakagaki, Toshiyuki},
	Journal = {Science},
	Number = {5964},
	Pages = {439-442},
	Title = {Rules for Biologically Inspired Adaptive Network Design},
	Volume = {327},
	Year = {2010}}



@article{louf2013emergence,
	Author = {Louf, R{\'e}mi and Jensen, Pablo and Barthelemy, Marc},
	Journal = {Proceedings of the National Academy of Sciences},
	Number = {22},
	Pages = {8824--8829},
	Title = {Emergence of hierarchy in cost-driven growth of spatial networks},
	Volume = {110},
	Year = {2013}}



@phdthesis{schmitt2014modelisation,
	Author = {Schmitt, Clara},
	School = {Paris 1},
	Title = {Mod{\'e}lisation de la dynamique des syst{\`e}mes de peuplement: de SimpopLocal {\`a} SimpopNet.},
	Year = {2014}}


@inproceedings{dupuy1987vers,
	Author = {Dupuy, Gabriel},
	Booktitle = {Annales de G{\'e}ographie},
	Organization = {JSTOR},
	Pages = {658--679},
	Title = {Vers une th{\'e}orie territoriale des r{\'e}seaux: une application au transport urbain},
	Year = {1987}}



@article{10.1371/journal.pone.0138212,
	Author = {Ch{\'e}rel, Guillaume AND Cottineau, Cl{\'e}mentine AND Reuillon, Romain},
	Journal = {PLoS ONE},
	Month = {09},
	Number = {9},
	Pages = {e0138212},
	Title = {Beyond Corroboration: Strengthening Model Validation by Looking for Unexpected Patterns},
	Volume = {10},
	Year = {2015}}



@article{batty1991generating,
	Author = {Batty, Michael},
	Journal = {Environment and Planning A},
	Number = {4},
	Pages = {511--544},
	Title = {Generating urban forms from diffusive growth},
	Volume = {23},
	Year = {1991}}



@article{dodds2017simon,
	Author = {Dodds, Peter Sheridan and Dewhurst, David Rushing and Hazlehurst, Fletcher F and Van Oort, Colin M and Mitchell, Lewis and Reagan, Andrew J and Williams, Jake Ryland and Danforth, Christopher M},
	Journal = {Physical Review E},
	Number = {5},
	Pages = {052301},
	Title = {Simon's fundamental rich-get-richer model entails a dominant first-mover advantage},
	Volume = {95},
	Year = {2017}}




@article{fujita1996economics,
	Author = {Fujita, Masahisa and Thisse, Jacques-Fran{\c{c}}ois},
	Journal = {Journal of the Japanese and international economies},
	Number = {4},
	Pages = {339--378},
	Title = {Economics of agglomeration},
	Volume = {10},
	Year = {1996}}




@book{doursat2012morphogenetic,
	Author = {Doursat, Ren{\'e} and Sayama, Hiroki and Michel, Olivier},
	Publisher = {Springer},
	Title = {Morphogenetic engineering: toward programmable complex systems},
	Year = {2012}}




@article{Aage:2017aa,
	Author = {Aage, Niels and Andreassen, Erik and Lazarov, Boyan S. and Sigmund, Ole},
	Journal = {Nature},
	Month = {10},
	Number = {7674},
	Pages = {84--86},
	Title = {Giga-voxel computational morphogenesis for structural design},
	Volume = {550},
	Year = {2017}}



@article{matsuyama1993fractal,
  title={Fractal morphogenesis by a bacterial cell population},
  author={Matsuyama, Tohey and Matsushita, Mitsugu},
  journal={Critical reviews in microbiology},
  volume={19},
  number={2},
  pages={117--135},
  year={1993},
  publisher={Taylor \& Francis}
}


@article{nelson1988modeling,
  title={Modeling of lung morphogenesis using fractal geometries},
  author={Nelson, TR and Manchester, DK},
  journal={IEEE transactions on medical imaging},
  volume={7},
  number={4},
  pages={321--327},
  year={1988},
  publisher={IEEE}
}

@article{bieler2011whole,
  title={Whole-embryo modeling of early segmentation in Drosophila identifies robust and fragile expression domains},
  author={Bieler, Jonathan and Pozzorini, Christian and Naef, Felix},
  journal={Biophysical journal},
  volume={101},
  number={2},
  pages={287--296},
  year={2011},
  publisher={Elsevier}
}



@incollection{lakatos1976falsification,
  title={Falsification and the methodology of scientific research programmes},
  author={Lakatos, Imre},
  booktitle={Can Theories be Refuted?},
  pages={205--259},
  year={1976},
  publisher={Springer}
}

@article{raimbault2016models,
  title={Models Coupling Urban Growth and Transportation Network Growth: An Algorithmic Systematic Review Approach},
  author={Raimbault, Juste},
  journal={arXiv preprint arXiv:1605.08888},
  year={2016}
}


@article{livet2010ontology,
  title={Ontology, a mediator for agent-based modeling in social science},
  author={Livet, Pierre and Muller, Jean-Pierre and Phan, Denis and Sanders, Lena},
  journal={Journal of Artificial Societies and Social Simulation},
  volume={13},
  number={1},
  pages={3},
  year={2010}
}



@article{bedau2002downward,
  title={Downward causation and the autonomy of weak emergence},
  author={Bedau, Mark},
  journal={Principia},
  volume={6},
  number={1},
  pages={5},
  year={2002},
  publisher={Universidade Federal de Santa Catarina, N{\'u}cleo de Epistemologia e L{\'o}gica}
}


@incollection{douady2011dunes,
  title={Dunes, the Collective Behaviour of Wind and Sand, or: Are Dunes Living Beings?},
  author={Douady, St{\'e}phane and Hersen, Pascal},
  booktitle={Morphogenesis},
  pages={107--118},
  year={2011},
  publisher={Springer}
}



@article{lord1981cleistogamy,
  title={Cleistogamy: a tool for the study of floral morphogenesis, function and evolution},
  author={Lord, Elizabeth M},
  journal={The Botanical Review},
  volume={47},
  number={4},
  pages={421--449},
  year={1981},
  publisher={Springer}
}






@article{thom1974stabilite,
	Author = {Thom, Ren{\'e}},
	Journal = {Poetics},
	Number = {2},
	Pages = {7--19},
	Title = {Stabilit{\'e} structurelle et morphog{\'e}n{\`e}se},
	Volume = {3},
	Year = {1974}}



@book{holland2012signals,
  title={Signals and boundaries: Building blocks for complex adaptive systems},
  author={Holland, John H},
  year={2012},
  publisher={Mit Press}
}


@article{turing1952chemical,
  title={The chemical basis of morphogenesis},
  author={Turing, Alan Mathison},
  journal={Philosophical Transactions of the Royal Society of London B: Biological Sciences},
  volume={237},
  number={641},
  pages={37--72},
  year={1952},
  publisher={The Royal Society}
}


@article{voss2012multi,
	Author = {Voss-B{\"o}hme, Anja},
	Journal = {PloS one},
	Number = {9},
	Pages = {e42852},
	Title = {Multi-scale modeling in morphogenesis: a critical analysis of the cellular Potts model},
	Volume = {7},
	Year = {2012}}



@inproceedings{raimbault2014hybrid,
  title={A Hybrid Network/Grid Model of Urban Morphogenesis and Optimization},
  author={Raimbault, Juste and Banos, Arnaud and Doursat, Ren{\'e}},
  booktitle={Proceedings of the 4th International Conference on Complex Systems and Applications (ICCSA 2014)},
  pages={51--60},
  year={2014}
}



@incollection{cussat2012synthesis,
	Author = {Cussat-Blanc, Sylvain and Pascalie, Jonathan and Mazac, S{\'e}bastien and Luga, Herv{\'e} and Duthen, Yves},
	Booktitle = {Morphogenetic Engineering},
	Pages = {353--381},
	Publisher = {Springer},
	Title = {A synthesis of the Cell2Organ developmental model},
	Year = {2012}}



@inproceedings{doursat2008programmable,
	Author = {Doursat, Ren{\'e}},
	Booktitle = {ALIFE},
	Pages = {181--188},
	Title = {Programmable Architectures That Are Complex and Self-Organized-From Morphogenesis to Engineering.},
	Year = {2008}}



@techreport{crosato2014self,
	Author = {E. Crosato},
	Institution = {Vrije Universiteit Amsterdam},
	Title = {Artificial Self-Assembly : Literature Review},
	Year = {2014}}



@book{bourgine2010morphogenesis,
	Author = {Bourgine, Paul and Lesne, Annick},
	Publisher = {Springer Science \& Business Media},
	Title = {Morphogenesis: origins of patterns and shapes},
	Year = {2010}}




@article{han2016coordinating,
	Author = {Han, Peidong and Bloomekatz, Joshua and Ren, Jie and Zhang, Ruilin and Grinstein, Jonathan D and Zhao, Long and Burns, C Geoffrey and Burns, Caroline E and Anderson, Ryan M and Chi, Neil C},
	Journal = {Nature},
	Number = {7609},
	Pages = {700--704},
	Title = {Coordinating cardiomyocyte interactions to direct ventricular chamber morphogenesis},
	Volume = {534},
	Year = {2016}}





@article{minter2012morphogenesis,
	Author = {Minter, Nicholas J and Franks, Nigel R and Brown, Katharine A Robson},
	Journal = {Journal of the Royal Society Interface},
	Number = {68},
	Pages = {586--595},
	Title = {Morphogenesis of an extended phenotype: four-dimensional ant nest architecture},
	Volume = {9},
	Year = {2012}}




@article{chapman1998morphogenesis,
  title={Morphogenesis by symbiogenesis},
  author={Chapman, Michael J and Margulis, Lynn},
  journal={International Microbiology},
  volume={1},
  number={4},
  year={1998}
}



@article{doursat2013review,
  title={A review of morphogenetic engineering},
  author={Doursat, Ren{\'e} and Sayama, Hiroki and Michel, Olivier},
  journal={Natural Computing},
  volume={12},
  number={4},
  pages={517--535},
  year={2013},
  publisher={Springer}
}



@article{gierer1972theory,
  title={A theory of biological pattern formation},
  author={Gierer, Alfred and Meinhardt, Hans},
  journal={Kybernetik},
  volume={12},
  number={1},
  pages={30--39},
  year={1972},
  publisher={Springer}
}



@article{kondo2010reaction,
  title={Reaction-diffusion model as a framework for understanding biological pattern formation},
  author={Kondo, Shigeru and Miura, Takashi},
  journal={science},
  volume={329},
  number={5999},
  pages={1616--1620},
  year={2010},
  publisher={American Association for the Advancement of Science}
}

@article{lord1981cleistogamy,
  title={Cleistogamy: a tool for the study of floral morphogenesis, function and evolution},
  author={Lord, Elizabeth M},
  journal={The Botanical Review},
  volume={47},
  number={4},
  pages={421--449},
  year={1981},
  publisher={Springer}
}




@article{bourgine2004autopoiesis,
	Author = {Bourgine, Paul and Stewart, John},
	Journal = {Artificial life},
	Number = {3},
	Pages = {327--345},
	Title = {Autopoiesis and cognition},
	Volume = {10},
	Year = {2004}}




@article{straus1977societal,
	Author = {Straus, Murray A},
	Journal = {Annals of the New York Academy of Sciences},
	Number = {1},
	Pages = {717--730},
	Title = {Societal morphogenesis and intrafamily violence in cross-cultural perspective},
	Volume = {285},
	Year = {1977}}




@article{mehaffy2007notes,
	Author = {Mehaffy, Michael W},
	Journal = {Urban Design International},
	Number = {1},
	Pages = {41--49},
	Title = {Notes on the genesis of wholes: Christopher Alexander and his continuing influence},
	Volume = {12},
	Year = {2007}}



@article{renfrew1978trajectory,
	Author = {Renfrew, Colin},
	Journal = {American Antiquity},
	Pages = {203--222},
	Title = {Trajectory discontinuity and morphogenesis: the implications of catastrophe theory for archaeology},
	Year = {1978}}




@article{achibet2014model,
	Author = {Achibet, Merwan and Balev, Stefan and Dutot, Antoine and Olivier, Damien},
	Journal = {Procedia Computer Science},
	Pages = {828--833},
	Title = {A Model of Road Network and Buildings Extension Co-evolution},
	Volume = {32},
	Year = {2014}}




@article{thom1974stabilite,
	Author = {Thom, Ren{\'e}},
	Journal = {Poetics},
	Number = {2},
	Pages = {7--19},
	Title = {Stabilit{\'e} structurelle et morphog{\'e}n{\`e}se},
	Volume = {3},
	Year = {1974}}



@article{makse1998modeling,
	Author = {Makse, Hern{\'a}n A and Andrade, Jos{\'e} S and Batty, Michael and Havlin, Shlomo and Stanley, H Eugene and others},
	Journal = {Physical Review E},
	Number = {6},
	Pages = {7054},
	Title = {Modeling urban growth patterns with correlated percolation},
	Volume = {58},
	Year = {1998}}


@inproceedings{bonin2012modele,
	Author = {Bonin, Olivier and Hubert, Jean-Paul and others},
	Booktitle = {49{\`e} colloque de l'ASRDLF},
	Title = {Mod{\`e}le de morphog{\'e}n{\`e}se urbaine: simulation d'espaces qualitativement diff{\'e}renci{\'e}s dans le cadre du mod{\`e}le de l'{\'e}conomie urbaine},
	Year = {2012}}




@article{moudon1997urban,
	Author = {Moudon, Anne Vernez},
	Journal = {Urban morphology},
	Number = {1},
	Pages = {3--10},
	Title = {Urban morphology as an emerging interdisciplinary field},
	Volume = {1},
	Year = {1997}}


@article{burke1972dublin,
	Author = {Burke, Nuala T},
	Title = {Dublin 1600-1800: a study in urban morphogenesis},
	Year = {1972}}


@article{olsen1982urban,
	Author = {Olsen, Sherry},
	Journal = {Urban Geography},
	Number = {2},
	Pages = {87--109},
	Title = {Urban metabolism and morphogenesis},
	Volume = {3},
	Year = {1982}}

@article{abercrombie1977concepts,
  title={Concepts in morphogenesis},
  author={Abercrombie, Michael},
  journal={Proceedings of the Royal Society of London B: Biological Sciences},
  volume={199},
  number={1136},
  pages={337--344},
  year={1977},
  publisher={The Royal Society}
}
@article{gilbert2003morphogenesis,
  title={The morphogenesis of evolutionary developmental biology},
  author={Gilbert, Scott F},
  journal={International Journal of Developmental Biology},
  volume={47},
  number={7-8},
  pages={467},
  year={2003}
}
@article{thompson1942growth,
  title={On growth and form.},
  author={Thompson, Darcy Wentworth and others},
  journal={On growth and form.},
  year={1942},
  publisher={Cambridge Univ. Press}
}
@article{nakamasu2009interactions,
  title={Interactions between zebrafish pigment cells responsible for the generation of Turing patterns},
  author={Nakamasu, Akiko and Takahashi, Go and Kanbe, Akio and Kondo, Shigeru},
  journal={Proceedings of the National Academy of Sciences},
  volume={106},
  number={21},
  pages={8429--8434},
  year={2009},
  publisher={National Acad Sciences}
}
@article{goryachev2008dynamics,
  title={Dynamics of Cdc42 network embodies a Turing-type mechanism of yeast cell polarity},
  author={Goryachev, Andrew B and Pokhilko, Alexandra V},
  journal={FEBS letters},
  volume={582},
  number={10},
  pages={1437--1443},
  year={2008},
  publisher={Wiley Online Library}
}



@article{jun2005formation,
	Author = {Jun, Joseph K and H{\"u}bler, Alfred H},
	Date-Added = {2017-10-10 13:14:27 +0000},
	Date-Modified = {2017-10-10 13:14:27 +0000},
	Journal = {Proceedings of the National Academy of Sciences of the United States of America},
	Number = {3},
	Pages = {536--540},
	Publisher = {National Acad Sciences},
	Title = {Formation and structure of ramified charge transportation networks in an electromechanical system},
	Volume = {102},
	Year = {2005}}



@article{raimbault2017calibration,
  title={Calibration of a Density-based Model of Urban Morphogenesis},
  author={Raimbault, Juste},
  journal={arXiv preprint arXiv:1708.06743},
  year={2017}
}



@article{sayama2007decentralized,
  title={Decentralized control and interactive design methods for large-scale heterogeneous self-organizing swarms},
  author={Sayama, Hiroki},
  journal={Advances in Artificial Life},
  pages={675--684},
  year={2007},
  publisher={Springer}
}