

@article{schmitt2013modelographie,
  title={Mod{\'e}lographie multi-agents de la simulation des interactions soci{\'e}t{\'e}s-environnement et de l’{\'e}mergence des villes},
  author={Schmitt, Clara and Pumain, Denise},
  journal={Cybergeo: European Journal of Geography},
  year={2013},
  publisher={CNRS-UMR G{\'e}ographie-cit{\'e}s 8504}
}

@article{blei2003latent,
  title={Latent dirichlet allocation},
  author={Blei, David M and Ng, Andrew Y and Jordan, Michael I},
  journal={the Journal of machine Learning research},
  volume={3},
  pages={993--1022},
  year={2003},
  publisher={JMLR. org}
}

@article{nicosia2009extending,
  title={Extending the definition of modularity to directed graphs with overlapping communities},
  author={Nicosia, Vincenzo and Mangioni, Giuseppe and Carchiolo, Vincenza and Malgeri, Michele},
  journal={Journal of Statistical Mechanics: Theory and Experiment},
  volume={2009},
  number={03},
  pages={P03024},
  year={2009},
  publisher={IOP Publishing}
}

@inproceedings{yang2000improving,
  title={Improving text categorization methods for event tracking},
  author={Yang, Yiming and Ault, Tom and Pierce, Thomas and Lattimer, Charles W},
  booktitle={Proceedings of the 23rd annual international ACM SIGIR conference on Research and development in information retrieval},
  pages={65--72},
  year={2000}
}

@article{raimbault2020hierarchy,
  title={Hierarchy and co-evolution processes in urban systems},
  author={Raimbault, Juste},
  journal={arXiv preprint arXiv:2001.11989},
  year={2020}
}


@article{raimbault2018modeling,
  title={Modeling the co-evolution of cities and networks},
  author={Raimbault, Juste},
  journal={arXiv preprint arXiv:1804.09430},
  year={2018}
}


@incollection{raimbault2019urban,
  title={An urban morphogenesis model capturing interactions between networks and territories},
  author={Raimbault, Juste},
  booktitle={The mathematics of urban morphology},
  pages={383--409},
  year={2019},
  publisher={Springer}
}


@book{xie2011evolving,
  title={Evolving transportation networks},
  author={Xie, Feng and Levinson, David},
  year={2011},
  publisher={Springer Science \& Business Media}
}

@phdthesis{le2010approche,
  title={Approche multiscalaire des liens entre mobilit{\'e} quotidienne, morphologie et soutenabilit{\'e} des m{\'e}tropoles europ{\'e}ennes: cas de Paris et de la r{\'e}gion Rhin-Ruhr},
  author={Le N{\'e}chet, Florent},
  year={2010},
  school={Universit{\'e} Paris-Est}
}

@article{raimbault2020systematic,
  title={A systematic review and meta-analysis of interaction models between transportation networks and territories},
  author={Raimbault, Juste},
  journal={arXiv preprint arXiv:2012.13367},
  year={2020}
}


@article{wegener2021land,
  title={Land-use transport interaction models},
  author={Wegener, Michael},
  journal={Handbook of regional science},
  pages={229--246},
  year={2021},
  publisher={Springer}
}


@article{mackett1993structure,
  title={Structure of linkages between transport and land use},
  author={Mackett, Roger L},
  journal={Transportation Research Part B: Methodological},
  volume={27},
  number={3},
  pages={189--206},
  year={1993},
  publisher={Elsevier}
}

@article{modak2019fifty,
  title={Fifty years of Transportation Research journals: A bibliometric overview},
  author={Modak, Nikunja M and Merig{\'o}, Jos{\'e} M and Weber, Richard and Manzor, Felipe and de Dios Ort{\'u}zar, Juan},
  journal={Transportation Research Part A: Policy and Practice},
  volume={120},
  pages={188--223},
  year={2019},
  publisher={Elsevier}
}



@article{leung2019fuel,
  title={Fuel price changes and their impacts on urban transport--a literature review using bibliometric and content analysis techniques, 1972--2017},
  author={Leung, Abraham and Burke, Matthew and Cui, Jianqiang and Perl, Anthony},
  journal={Transport Reviews},
  volume={39},
  number={4},
  pages={463--484},
  year={2019},
  publisher={Taylor \& Francis}
}

@article{shi2020literature,
  title={A literature review on accessibility using bibliometric analysis techniques},
  author={Shi, Yuji and Blainey, Simon and Sun, Chao and Jing, Peng},
  journal={Journal of transport geography},
  volume={87},
  pages={102810},
  year={2020},
  publisher={Elsevier}
}


@article{derudder2019shifting,
  title={The shifting position of the Journal of Transport Geography in ‘transport geography research’: A bibliometric analysis},
  author={Derudder, Ben and Liu, Xingjian and Hong, Song and Ruan, Shuhe and Wang, Yifei and Witlox, Frank},
  journal={Journal of Transport Geography},
  volume={81},
  pages={102538},
  year={2019},
  publisher={Elsevier}
}


@article{raimbault2021empowering,
  title={Empowering open science with reflexive and spatialised indicators},
  author={Raimbault, Juste and Chasset, Pierre-Olivier and Cottineau, Cl{\'e}mentine and Commenges, Hadrien and Pumain, Denise and Kosmopoulos, Christine and Banos, Arnaud},
  journal={Environment and Planning B: Urban Analytics and City Science},
  volume={48},
  number={2},
  pages={298--313},
  year={2021},
  publisher={SAGE Publications Sage UK: London, England}
}


@inproceedings{raimbault2017applied,
  title={An Applied Knowledge Framework to Study Complex Systems},
  author={Raimbault, Juste},
  booktitle={Complex Systems Design \& Management},
  pages={31--45},
  year={2017}
}


@article{bergeaud2017classifying,
  title={Classifying patents based on their semantic content},
  author={Bergeaud, Antonin and Potiron, Yoann and Raimbault, Juste},
  journal={PloS one},
  volume={12},
  number={4},
  pages={e0176310},
  year={2017},
  publisher={Public Library of Science San Francisco, CA USA}
}


@article{chavalarias2013phylomemetic,
  title={Phylomemetic patterns in science evolution—the rise and fall of scientific fields},
  author={Chavalarias, David and Cointet, Jean-Philippe},
  journal={PloS one},
  volume={8},
  number={2},
  pages={e54847},
  year={2013},
  publisher={Public Library of Science}
}

@article{bohannon2014google,
  title={Google Scholar wins raves-but can it be trusted},
  author={Bohannon, John},
  journal={Science},
  volume={343},
  number={6166},
  pages={14--14},
  year={2014},
  publisher={American Association for the Advancement of Science}
}

@article{noruzi2005google,
  title={Google Scholar: The new generation of citation indexes},
  author={Noruzi, Alireza},
  journal={Libri},
  volume={55},
  number={4},
  pages={170--180},
  year={2005}
}


@phdthesis{bretagnolle:tel-00459720,
  TITLE = {{Villes et r{\'e}seaux de transport : des interactions dans la longue dur{\'e}e (France, Europe, {\'E}tats-Unis)}},
  AUTHOR = {Bretagnolle, Anne},
  URL = {https://tel.archives-ouvertes.fr/tel-00459720},
  SCHOOL = {{Universit{\'e} Panth{\'e}on-Sorbonne - Paris I}},
  YEAR = {2009},
  MONTH = Jun,
  KEYWORDS = {Cities and towns ; Transportation networks ; Urban databases ; Urban hierarchy ; Accessibility ; Spatial Analysis ; Historical processes ; United-States ; 17th-20th centuries. ; Ville ; R{\'e}seaux de transport ; Vitesse ; Bases de donn{\'e}es ; Hi{\'e}rarchie ; Accessibilit{\'e} ; G{\'e}ographie urbaine ; Analyse spatiale ; Histoire ; France ; Europe ; Etats-Unis ; 17{\`e}me-20{\`e}me si{\`e}cles.},
  TYPE = {Habilitation {\`a} diriger des recherches},
  PDF = {https://tel.archives-ouvertes.fr/tel-00459720/file/Volume3IneditHDRBretagnolle.pdf},
  HAL_ID = {tel-00459720},
  HAL_VERSION = {v1},
}


@book{offner1996reseaux,
  title={R{\'e}seaux et territoires-significations crois{\'e}es},
  author={Offner, Jean-Marc and Pumain, Denise},
  year={1996},
  publisher={Editions de l'Aube}
}


@article{banos2011christaller,
  title={Christaller, toujours vivant!},
  author={Banos, Arnaud and Moreno, Diego and Pivano, Cyril and Taillandier, Patrick},
  journal={Cybergeo: European Journal of Geography},
  year={2011},
  publisher={CNRS-UMR G{\'e}ographie-cit{\'e}s 8504}
}

@article{fujita1999evolution,
  title={On the evolution of hierarchical urban systems},
  author={Fujita, Masahisa and Krugman, Paul and Mori, Tomoya},
  journal={European Economic Review},
  volume={43},
  number={2},
  pages={209--251},
  year={1999},
  publisher={Elsevier}
}

@phdthesis{cottineau2014evolution,
  title={L'{\'e}volution des villes dans l'espace post-sovi{\'e}tique. Observation et mod{\'e}lisations.},
  author={Cottineau, Cl{\'e}mentine},
  year={2014},
  school={Universit{\'e} Paris 1 Panth{\'e}on-Sorbonne}
}

@incollection{blumenfeld2010network,
  title={Network cities: A complexity-network approach to urban dynamics and development},
  author={Blumenfeld-Lieberthal, Efrat and Portugali, Juval},
  booktitle={Geospatial analysis and modelling of urban structure and dynamics},
  pages={77--90},
  year={2010},
  publisher={Springer}
}

@article{baptistemodeling,
	Author = {Baptiste, Herv{\'e}},
	Date-Added = {2017-02-10 17:14:43 +0000},
	Date-Modified = {2017-06-29 04:28:28 +0000},
	Journal = {Graphs and Networks: Multilevel Modeling, Second Edition},
	Pages = {67--89},
	Publisher = {Wiley Online Library},
	Title = {Modeling the Evolution of a Transport System and its Impacts on a French Urban System},
	Year = {2010}
}


@book{sanders1992systeme,
	Author = {Sanders, Lena},
	Date-Added = {2015-12-22 14:45:12 +0000},
	Date-Modified = {2015-12-22 14:45:12 +0000},
	Publisher = {Economica},
	Title = {Syst{\`e}me de villes et synerg{\'e}tique},
	Year = {1992}}

@phdthesis{baptiste1999interactions,
  title={Interactions entre le syst{\`e}me de transport et les syst{\`e}mes de villes: perspective historique pour une mod{\'e}lisation dynamique spatialis{\'e}e},
  author={Baptiste, Herv{\'e}},
  year={1999},
  school={Tours}
}

@article{bigotte2010integrated,
  title={Integrated modeling of urban hierarchy and transportation network planning},
  author={Bigotte, Jo{\~a}o F and Krass, Dmitry and Antunes, Ant{\'o}nio P and Berman, Oded},
  journal={Transportation Research Part A: Policy and Practice},
  volume={44},
  number={7},
  pages={506--522},
  year={2010},
  publisher={Elsevier}
}


@article{wu2017city,
	Author = {Wu, Jianjun and Li, Rong and Ding, Rui and Li, Tongfei and Sun, Huijun},
	Date-Added = {2017-07-30 07:38:38 +0000},
	Date-Modified = {2017-07-30 07:38:38 +0000},
	Journal = {Applied Mathematical Modelling},
	Pages = {1--14},
	Publisher = {Elsevier},
	Title = {City expansion model based on population diffusion and road growth},
	Volume = {43},
	Year = {2017}
}


@article{moreno2012automate,
  title={Un automate cellulaire pour exp{\'e}rimenter les effets de la proximit{\'e} dans le processus d’{\'e}talement urbain: le mod{\`e}le Raumulus},
  author={Moreno, Diego and Badariotti, Dominique and Banos, Arnaud},
  journal={Cybergeo: European Journal of Geography},
  year={2012},
  publisher={CNRS-UMR G{\'e}ographie-cit{\'e}s 8504}
}


@inproceedings{raimbault2014hybrid,
  title={A Hybrid Network/Grid Model of Urban Morphogenesis and Optimization},
  author={Raimbault, Juste and Banos, Arnaud and Doursat, Ren{\'e}},
  booktitle={4th International Conference on Complex Systems and Applications},
  pages={51--60},
  year={2014}
}

@incollection{rui2011urban,
	Author = {Rui, Yikang and Ban, Yifang},
	Booktitle = {Advances in Cartography and GIScience. Volume 2},
	Date-Added = {2015-03-23 16:32:05 +0000},
	Date-Modified = {2015-03-23 16:32:05 +0000},
	Pages = {399--412},
	Publisher = {Springer},
	Title = {Urban growth modeling with road network expansion and land use development},
	Year = {2011}
}

@incollection{levinson2005paving,
  title={Paving new ground: a Markov chain model of the change in transportation networks and land use},
  author={Levinson, David and Chen, Wei},
  booktitle={Access to destinations},
  year={2005},
  publisher={Emerald Group Publishing Limited}
}

@article{li2016integrated,
	Author = {Li, Tongfei and Wu, Jianjun and Sun, Huijun and Gao, Ziyou},
	Date-Added = {2017-08-03 06:01:23 +0000},
	Date-Modified = {2017-08-03 06:01:23 +0000},
	Journal = {Networks and Spatial Economics},
	Number = {2},
	Pages = {579--603},
	Publisher = {Springer},
	Title = {Integrated co-evolution model of land use and traffic network design},
	Volume = {16},
	Year = {2016}
}

@article{levinson2007co,
  title={The co-evolution of land use and road networks},
  author={Levinson, David Matthew and Xie, Feng and Zhu, Shanjiang},
  journal={Transportation and traffic theory},
  pages={839--859},
  year={2007}
}


@article{ding2017heuristic,
  title={Heuristic urban transportation network design method, a multilayer coevolution approach},
  author={Ding, Rui and Ujang, Norsidah and bin Hamid, Hussain and Abd Manan, Mohd Shahrudin and Li, Rong and Wu, Jianjun},
  journal={Physica A: Statistical Mechanics and its Applications},
  volume={479},
  pages={71--83},
  year={2017},
  publisher={Elsevier}
}

@article{barthelemy2009co,
  title={Co-evolution of density and topology in a simple model of city formation},
  author={Barth{\'e}lemy, Marc and Flammini, Alessandro},
  journal={Networks and spatial economics},
  volume={9},
  number={3},
  pages={401--425},
  year={2009},
  publisher={Springer}
}


@article{achibet2014model,
  title={A model of road network and buildings extension co-evolution},
  author={Achibet, Merwan and Balev, Stefan and Dutot, Antoine and Olivier, Damien},
  journal={Procedia Computer Science},
  volume={32},
  pages={828--833},
  year={2014},
  publisher={Elsevier}
}

@article{grimm2005pattern,
  title={Pattern-oriented modeling of agent-based complex systems: lessons from ecology},
  author={Grimm, Volker and Revilla, Eloy and Berger, Uta and Jeltsch, Florian and Mooij, Wolf M and Railsback, Steven F and Thulke, Hans-Hermann and Weiner, Jacob and Wiegand, Thorsten and DeAngelis, Donald L},
  journal={science},
  volume={310},
  number={5750},
  pages={987--991},
  year={2005},
  publisher={American Association for the Advancement of Science}
}


@article{raimbault2019second,
  title={Second-order control of complex systems with correlated synthetic data},
  author={Raimbault, Juste},
  journal={Complex Adaptive Systems Modeling},
  volume={7},
  number={1},
  pages={1--19},
  year={2019},
  publisher={SpringerOpen}
}


@book{varenne2017theories,
	Author = {Varenne, Franck},
	Date-Added = {2017-11-23 10:52:21 +0000},
	Date-Modified = {2017-12-03 19:00:10 +0000},
	Publisher = {Editions Mat{\'e}riologiques},
	Title = {Th{\'e}ories et mod{\`e}les en sciences humaines. Le cas de la g{\'e}ographie},
	Year = {2017}}

@article{watson2008procedural,
  title={Procedural urban modeling in practice},
  author={Watson, Benjamin and M{\"u}ller, Pascal and Veryovka, Oleg and Fuller, Andy and Wonka, Peter and Sexton, Chris},
  journal={IEEE Computer Graphics and Applications},
  volume={28},
  number={3},
  pages={18--26},
  year={2008},
  publisher={IEEE}
}


@article{lechner2004procedural,
  title={Procedural modeling of land use in cities},
  author={Lechner, Thomas and Watson, Ben and Ren, Pin and Wilensky, Uri and Tisue, Seth and Felsen, Martin},
  year={2004},
  publisher={Citeseer}
}

@article{yamins2003growing,
  title={Growing urban roads},
  author={Yamins, Daniel and Rasmussen, Steen and Fogel, David},
  journal={Networks and Spatial Economics},
  volume={3},
  number={1},
  pages={69--85},
  year={2003},
  publisher={Springer}
}

@article{de2007netlogo,
	Author = {De Leon, FD and Felsen, M and Wilensky, U},
	Date-Added = {2015-03-09 14:51:17 +0000},
	Date-Modified = {2015-03-09 14:51:57 +0000},
	Journal = {Center for Connected Learning and Computer-Based Modeling, Northwestern University, Evanston, IL},
	Title = {NetLogo Urban Suite-Tijuana Bordertowns model},
	Url = {http://ccl.northwestern.edu/netlogo/models/UrbanSuite-TijuanaBordertowns},
	Year = {2007},
	Bdsk-Url-1 = {http://ccl.northwestern.edu/netlogo/models/UrbanSuite-TijuanaBordertowns}}

@phdthesis{mimeur:tel-01451164,
	Author = {Mimeur, Christophe},
	Date-Added = {2017-06-01 08:22:44 +0000},
	Date-Modified = {2017-06-01 08:22:44 +0000},
	Hal_Id = {tel-01451164},
	Hal_Version = {v1},
	Keywords = {railway network ; space ; Graph ; modelling ; spatial humanities ; r{\'e}seau ferroviaire ; territoire ; graphe ; mod{\'e}lisation ; g{\'e}ohistoire},
	Month = Dec,
	Pdf = {https://hal.archives-ouvertes.fr/tel-01451164/file/THESE_MIMEUR.pdf},
	School = {{Universit{\'e} de Bourgogne Franche-Comt{\'e}}},
	Title = {{The traces of speed between space and network}},
	Url = {https://hal.archives-ouvertes.fr/tel-01451164},
	Year = {2016}
}


@article{adamatzky2010road,
	Author = {Adamatzky, Andrew and Jones, Jeff},
	Date-Added = {2015-02-17 16:33:50 +0000},
	Date-Modified = {2015-03-31 17:09:09 +0000},
	Journal = {International Journal of Bifurcation and Chaos},
	Number = {10},
	Pages = {3065--3084},
	Publisher = {World Scientific},
	Title = {Road planning with slime mould: if Physarum built motorways it would route M6/M74 through Newcastle},
	Volume = {20},
	Year = {2010}
}

@article{tero2010rules,
	Abstract = {Transport networks are ubiquitous in both social and biological systems. Robust network performance involves a complex trade-off involving cost, transport efficiency, and fault tolerance. Biological networks have been honed by many cycles of evolutionary selection pressure and are likely to yield reasonable solutions to such combinatorial optimization problems. Furthermore, they develop without centralized control and may represent a readily scalable solution for growing networks in general. We show that the slime mold Physarum polycephalum forms networks with comparable efficiency, fault tolerance, and cost to those of real-world infrastructure networks--in this case, the Tokyo rail system. The core mechanisms needed for adaptive network formation can be captured in a biologically inspired mathematical model that may be useful to guide network construction in other domains.},
	Author = {Tero, Atsushi and Takagi, Seiji and Saigusa, Tetsu and Ito, Kentaro and Bebber, Dan P. and Fricker, Mark D. and Yumiki, Kenji and Kobayashi, Ryo and Nakagaki, Toshiyuki},
	Date-Added = {2015-02-17 16:33:50 +0000},
	Date-Modified = {2016-02-09 14:02:34 +0000},
	Doi = {10.1126/science.1177894},
	Eprint = {http://www.sciencemag.org/content/327/5964/439.full.pdf},
	Journal = {Science},
	Number = {5964},
	Pages = {439-442},
	Reading = {FPC},
	Title = {Rules for Biologically Inspired Adaptive Network Design},
	Url = {http://www.sciencemag.org/content/327/5964/439.abstract},
	Usage = {T},
	Volume = {327},
	Year = {2010}
}

@article{zhu2013amoeba,
  title={Amoeba-based computing for traveling salesman problem: Long-term correlations between spatially separated individual cells of Physarum polycephalum},
  author={Zhu, Liping and Aono, Masashi and Kim, Song-Ju and Hara, Masahiko},
  journal={Biosystems},
  volume={112},
  number={1},
  pages={1--10},
  year={2013},
  publisher={Elsevier}
}


@article{tero2006physarum,
  title={Physarum solver: A biologically inspired method of road-network navigation},
  author={Tero, Atsushi and Kobayashi, Ryo and Nakagaki, Toshiyuki},
  journal={Physica A: Statistical Mechanics and its Applications},
  volume={363},
  number={1},
  pages={115--119},
  year={2006},
  publisher={Elsevier}
}

@book{doursat2012morphogenetic,
  title={Morphogenetic engineering: toward programmable complex systems},
  author={Doursat, Ren{\'e} and Sayama, Hiroki and Michel, Olivier},
  year={2012},
  publisher={Springer}
}


@article{barthelemy2008modeling,
  title={Modeling urban street patterns},
  author={Barth{\'e}lemy, Marc and Flammini, Alessandro},
  journal={Physical review letters},
  volume={100},
  number={13},
  pages={138702},
  year={2008},
  publisher={APS}
}

@inproceedings{vitins2010patterns,
  title={Patterns and grammars for transport network generation},
  author={Vitins, Basil J and Axhausen, Kay W},
  booktitle={Proceedings of},
  volume={14},
  year={2010}
}


@article{rui2013exploring,
  title={Exploring the patterns and evolution of self-organized urban street networks through modeling},
  author={Rui, Yikang and Ban, Yifang and Wang, Jiechen and Haas, Jan},
  journal={The European Physical Journal B},
  volume={86},
  number={3},
  pages={1--8},
  year={2013},
  publisher={Springer}
}

@article{courtat2011mathematics,
  title={Mathematics and morphogenesis of cities: A geometrical approach},
  author={Courtat, Thomas and Gloaguen, Catherine and Douady, Stephane},
  journal={Physical Review E},
  volume={83},
  number={3},
  pages={036106},
  year={2011},
  publisher={APS}
}


@article{bottinelli2017balancing,
  title={Balancing building and maintenance costs in growing transport networks},
  author={Bottinelli, Arianna and Louf, R{\'e}mi and Gherardi, Marco},
  journal={Physical Review E},
  volume={96},
  number={3},
  pages={032316},
  year={2017},
  publisher={APS}
}

@article{zhao2016population,
	Author = {Zhao, Fangxia and Wu, Jianjun and Sun, Huijun and Gao, Ziyou and Liu, Ronghui},
	Date-Added = {2017-11-16 10:18:12 +0000},
	Date-Modified = {2017-11-16 10:18:12 +0000},
	Journal = {Networks and Spatial Economics},
	Number = {4},
	Pages = {997--1018},
	Publisher = {Springer},
	Title = {Population-driven urban road evolution dynamic model},
	Volume = {16},
	Year = {2016}
}

@article{louf2013emergence,
  title={Emergence of hierarchy in cost-driven growth of spatial networks},
  author={Louf, R{\'e}mi and Jensen, Pablo and Barthelemy, Marc},
  journal={Proceedings of the National Academy of Sciences},
  volume={110},
  number={22},
  pages={8824--8829},
  year={2013},
  publisher={National Acad Sciences}
}


@article{zhang2016model,
	Author = {Zhang, Lei and Levinson, David},
	Journal = {Journal of Transport and Land Use},
	Number = {1},
	Pages = {337--356},
	Publisher = {JSTOR},
	Title = {A model of the rise and fall of roads},
	Volume = {10},
	Year = {2017}}


@article{levinson2003induced,
  title={Induced supply: A model of highway network expansion at the microscopic level},
  author={Levinson, David and Karamalaputi, Ramachandra},
  journal={Journal of Transport Economics and Policy (JTEP)},
  volume={37},
  number={3},
  pages={297--318},
  year={2003},
  publisher={Journal of Transport Economics and Policy}
}

@article{yerra2005emergence,
  title={The emergence of hierarchy in transportation networks},
  author={Yerra, Bhanu M and Levinson, David M},
  journal={The Annals of Regional Science},
  volume={39},
  number={3},
  pages={541--553},
  year={2005},
  publisher={Springer}
}

@article{xie2009jurisdictional,
  title={Jurisdictional control and network growth},
  author={Xie, Feng and Levinson, David},
  journal={Networks and Spatial Economics},
  volume={9},
  number={3},
  pages={459--483},
  year={2009},
  publisher={Springer}
}


@article{levinson2012forecasting,
  title={Forecasting and evaluating network growth},
  author={Levinson, David and Xie, Feng and Oca, Norah M},
  journal={Networks and Spatial Economics},
  volume={12},
  number={2},
  pages={239--262},
  year={2012},
  publisher={Springer}
}

@incollection{zhang2007economics,
  title={The economics of transportation network growth},
  author={Zhang, Lei and Levinson, David},
  booktitle={Essays on transport economics},
  pages={317--339},
  year={2007},
  publisher={Springer}
}

@article{chorley1970network,
  title={Network Analysis in Geography (Edward Arnold, London)},
  author={Chorley, RJ and Haggett, P},
  year={1970}
}

@article{xie2009modeling,
  title={Modeling the growth of transportation networks: A comprehensive review},
  author={Xie, Feng and Levinson, David},
  journal={Networks and Spatial Economics},
  volume={9},
  number={3},
  pages={291--307},
  year={2009},
  publisher={Springer}
}


@phdthesis{masso2000,
	Author = {Masson, Sophie},
	Date-Added = {2017-08-07 04:31:52 +0000},
	Date-Modified = {2017-08-07 04:31:52 +0000},
	Institution = {Universit{\'e} Lumi{\`e}re Lyon 2},
	Title = {Les interactions entre syst{\`e}me de transport et syst{\`e}me de localisation en milieu urbain et leur mod{\'e}lisation},
	Url = {http://www.theses.fr/2000LYO22027/document},
	Year = {2000}
}

@article{russo2012unifying,
  title={A unifying modelling framework to simulate the Spatial Economic Transport Interaction process at urban and national scales},
  author={Russo, Francesco and Musolino, Giuseppe},
  journal={Journal of Transport Geography},
  volume={24},
  pages={189--197},
  year={2012},
  publisher={Elsevier}
}

@article{JTLU611,
	Abstract = {Land use transport interaction (LUTI) models are often developed to model the interaction between the land use and trans- port systems for relatively large-scale spatial developments, like new residential or office areas, new main roads, or railway lines. In this paper I argue that we need a next generation of LUTI models that model trends such as peak car; decline in population, shops, services, etc.; impact of information and communications technology (ICT) on activity patterns and travel; and cycling policies. The current genera- tion of LUTI models cannot adequately answer the policy questions raised by these trends. However, a major problem is that the future of these trends is uncertain, and we lack empirical research into the dynamics between these trends and their wider impact on land use and transport systems. Nevertheless, LUTI models can, by utilizing what-if calculations, help explore future trends and their implications. Other challenges for LUTI models include the calculation of a wider set of accessibility indicators, the inclusion of interactions between key ac- tors in the transport and land-use system---serious gaming may prove a useful way to explore these interactions---and the development of dynamic visualizations.},
	Author = {Bert Wee},
	Date-Added = {2017-07-30 09:48:14 +0000},
	Date-Modified = {2017-07-30 09:48:14 +0000},
	Issn = {1938-7849},
	Journal = {Journal of Transport and Land Use},
	Keywords = {LUTI; models; discussion; land use; transport},
	Number = {3},
	Title = {Viewpoint: Toward a new generation of land use transport interaction models},
	Url = {https://www.jtlu.org/index.php/jtlu/article/view/611},
	Volume = {8},
	Year = {2015}
}


@article{wilson1998land,
  title={Land-use/transport interaction models: Past and future},
  author={Wilson, Alan Geoffrey},
  journal={Journal of transport economics and policy},
  pages={3--26},
  year={1998},
  publisher={JSTOR}
}

@article{chang2006models,
  title={Models of the relationship between transport and land-use: A review},
  author={Chang, Justin S},
  journal={Transport Reviews},
  volume={26},
  number={3},
  pages={325--350},
  year={2006},
  publisher={Taylor \& Francis}
}

@techreport{lowry1964model,
  title={A model of metropolis},
  author={Lowry, Ira S},
  year={1964},
  institution={RAND CORP SANTA MONICA CALIF}
}

@phdthesis{schmitt2014modelisation,
  title={Mod{\'e}lisation de la dynamique des syst{\`e}mes de peuplement: de SimpopLocal {\`a} SimpopNet},
  author={Schmitt, Clara},
  year={2014},
  school={Universit{\'e} Panth{\'e}on-Sorbonne-Paris I}
}


@incollection{raimbault2020unveiling,
  title={Unveiling co-evolutionary patterns in systems of cities: a systematic exploration of the simpopnet model},
  author={Raimbault, Juste},
  booktitle={Theories and Models of Urbanization},
  pages={261--278},
  year={2020},
  publisher={Springer}
}

@incollection{pumain2012multi,
  title={Multi-agent system modelling for urban systems: The series of simpop models},
  author={Pumain, Denise},
  booktitle={Agent-based models of geographical systems},
  pages={721--738},
  year={2012},
  publisher={Springer}
}

@article{raimbault2020systematic,
  title={A systematic review and meta-analysis of interaction models between transportation networks and territories},
  author={Raimbault, Juste},
  journal={arXiv preprint arXiv:2012.13367},
  year={2020}
}

@inproceedings{timmermans2003saga,
  title={The saga of integrated land use-transport modeling: how many more dreams before we wake up?},
  author={Timmermans, Harry JP},
  booktitle={Proceedings of the International Association of Traveler Behavior Conference},
  year={2003}
}

@article{iacono2008models,
  title={Models of transportation and land use change: A guide to the territory},
  author={Iacono, Michael and Levinson, David and El-Geneidy, Ahmed},
  journal={Journal of Planning Literature},
  volume={22},
  number={4},
  pages={323--340},
  year={2008},
  publisher={Sage Publications Sage CA: Los Angeles, CA}
}

@article{wegener1991one,
  title={One city, three models: comparison of land-use/transport policy simulation models for Dortmund},
  author={Wegener, Michael and Mackett, Roger L and Simmonds, David C},
  journal={Transport Reviews},
  volume={11},
  number={2},
  pages={107--129},
  year={1991},
  publisher={Taylor \& Francis}
}


@article{paulley1991overview,
  title={Overview of an international study to compare models and evaluate land-use and transport policies},
  author={Paulley, Neil J and Webster, F Vernon},
  journal={Transport Reviews},
  volume={11},
  number={3},
  pages={197--222},
  year={1991},
  publisher={Taylor \& Francis}
}


@article{fujita1982multiple,
  title={Multiple equilibria and structural transition of non-monocentric urban configurations},
  author={Fujita, Masahisa and Ogawa, Hideaki},
  journal={Regional science and urban economics},
  volume={12},
  number={2},
  pages={161--196},
  year={1982},
  publisher={Elsevier}
}

@article{viguie2014downscaling,
  title={Downscaling long term socio-economic scenarios at city scale: a case study on Paris},
  author={Vigui{\'e}, Vincent and Hallegatte, St{\'e}phane and Rozenberg, Julie},
  journal={Technological forecasting and social change},
  volume={87},
  pages={305--324},
  year={2014},
  publisher={Elsevier}
}


@article{delons2008pirandello,
  title={PIRANDELLO an integrated transport and land-use model for the Paris area},
  author={Delons, Jean and Coulombel, Nicolas and Leurent, Fabien},
  year={2008}
}

@article{wegener2004land,
  title={Land-use transport interaction: State of the art},
  author={Wegener, Michael and F{\"u}rst, Franz},
  journal={Available at SSRN 1434678},
  year={2004}
}


@article{putman1975urban,
  title={Urban land use and transportation models: A state-of-the-art summary},
  author={Putman, Stephen H},
  journal={Transportation Research},
  volume={9},
  number={2-3},
  pages={187--202},
  year={1975},
  publisher={Elsevier}
}


@book{giere2010scientific,
  title={Scientific perspectivism},
  author={Giere, Ronald N},
  year={2010},
  publisher={University of Chicago Press}
}

@article{bretagnolle2002time,
  title={Time and space scales for measuring urban growth},
  author={Bretagnolle, Anne and Paulus, Fabien and Pumain, Denise},
  journal={Cybergeo: European Journal of Geography},
  year={2002},
  publisher={CNRS-UMR G{\'e}ographie-cit{\'e}s 8504}
}

@book{west2017scale,
  title={Scale: the universal laws of growth, innovation, sustainability, and the pace of life in organisms, cities, economies, and companies},
  author={West, Geoffrey B},
  year={2017},
  publisher={Penguin}
}


@article{offner1993effets,
  title={Les ``effets structurants'' du transport: mythe politique, mystification scientifique},
  author={Offner, Jean-Marc},
  journal={L'espace g{\'e}ographique},
  pages={233--242},
  year={1993},
  publisher={JSTOR}
}

@article{morin1986methode,
  title={La m{\'e}thode, tome III},
  author={Morin, Edgar},
  journal={La connaissance de la connaissance. Le Seuil},
  year={1986}
}

@phdthesis{commenges:tel-00923682,
  TITLE = {{L'invention de la mobilit{\'e} quotidienne. Aspects performatifs des instruments de la socio-{\'e}conomie des transports}},
  AUTHOR = {Commenges, Hadrien},
  URL = {https://tel.archives-ouvertes.fr/tel-00923682},
  SCHOOL = {{Universit{\'e} Paris-Diderot - Paris VII}},
  YEAR = {2013},
  MONTH = Dec,
  KEYWORDS = {Daily mobility ; Economics of transportation ; Epistemology ; Modelling ; Household Travel Survey ; Mobilit{\'e} quotidienne ; Socio-{\'e}conomie des transports ; {\'E}pist{\'e}mologie ; Mod{\'e}lisation ; Enqu{\^e}te M{\'e}nages D{\'e}placements},
  TYPE = {Theses},
  PDF = {https://tel.archives-ouvertes.fr/tel-00923682/file/Commenges_TheseDoctorale2013.pdf},
  HAL_ID = {tel-00923682},
  HAL_VERSION = {v1},
}


@phdthesis{raimbault2018caracterisation,
  title={Caract{\'e}risation et mod{\'e}lisation de la co-{\'e}volution des r{\'e}seaux de transport et des territoires},
  author={Raimbault, Juste},
  year={2018},
  school={Universit{\'e} Paris 7 Denis Diderot}
}


@article{raimbault2019exploration,
  title={Exploration of an interdisciplinary scientific landscape},
  author={Raimbault, Juste},
  journal={Scientometrics},
  volume={119},
  number={2},
  pages={617--641},
  year={2019},
  publisher={Springer}
}

