
@incollection{raimbault:halshs-02265423,
  TITLE = {{Evolving accessibility landscapes: mutations of transportation networks in China}},
  AUTHOR = {Raimbault, Juste},
  URL = {https://halshs.archives-ouvertes.fr/halshs-02265423},
  BOOKTITLE = {{PATHWAYS OF SUSTAINABLE URBAN DEVELOPMENT ACROSS CHINA: THE CASES OF HANGZHOU, DATONG AND ZHUHAI}},
  EDITOR = {N. Aveline-Dubach},
  PUBLISHER = {{Imago Editor}},
  PAGES = {89-108},
  YEAR = {2019},
  KEYWORDS = {HSR ; accessibility ; urban transit ; Pearl River Delta ; Transportation networks},
  PDF = {https://halshs.archives-ouvertes.fr/halshs-02265423/file/MediumEBook_Raimbault.pdf},
  HAL_ID = {halshs-02265423},
  HAL_VERSION = {v1},
}




@article{doi:10.1177/2399808319870816,
author = {Juste Raimbault and Pierre-Olivier Chasset and Clémentine Cottineau and Hadrien Commenges and Denise Pumain and Christine Kosmopoulos and Arnaud Banos},
title ={Empowering open science with reflexive and spatialised indicators},
journal = {Environment and Planning B: Urban Analytics and City Science},
volume = {0},
number = {0},
pages = {2399808319870816},
year = {2019},
doi = {10.1177/2399808319870816},

URL = { 
        https://doi.org/10.1177/2399808319870816
    
},
eprint = { 
        https://doi.org/10.1177/2399808319870816
    
}

}




@inproceedings{raimbault2017identification,
  title={Identification de causalites dans des donnees spatio-temporelles},
  author={Raimbault, Juste},
  year={2017}
}


@inproceedings{raimbault2017structural,
  title={Structural Segregation: Assessing the impact of South African Apartheid on Underlying Dynamics of Interactions between Networks and Territories},
  author={Raimbault, Juste and Baffi, Sol{\`e}ne},
  year={2017}
}

@inproceedings{le2015modeling,
  title={Modeling the emergence of metropolitan transport autorithy in a polycentric urban region},
  author={Le N{\'e}chet, Florent and Raimbault, Juste},
  year={2015}
}


@article{raimbault2018modeling,
  title={Modeling the co-evolution of cities and networks},
  author={Raimbault, Juste},
  journal={arXiv preprint arXiv:1804.09430},
  year={2018}
}


@incollection{raimbault2019urban,
  title={An urban morphogenesis model capturing interactions between networks and territories},
  author={Raimbault, Juste},
  booktitle={The Mathematics of Urban Morphology},
  pages={383--409},
  year={2019},
  publisher={Springer}
}


@article{raimbault2018unveiling,
  title={Unveiling co-evolutionary patterns in systems of cities: a systematic exploration of the SimpopNet model},
  author={Raimbault, Juste},
  journal={arXiv preprint arXiv:1809.00861},
  year={2018}
}

@inproceedings{raimbault2016generation,
  title={G{\'e}n{\'e}ration de donn{\'e}es synth{\'e}tiques corr{\'e}l{\'e}es},
  author={Raimbault, Juste},
  booktitle={Rochebrune 2016, Journ{\'e}es d'Etude sur les Syst{\`e}mes Complexes Naturels et Artificiels},
  year={2016}
}

@article{raimbault2018indirect,
  title={Indirect evidence of network effects in a system of cities},
  author={Raimbault, Juste},
  journal={Environment and Planning B: Urban Analytics and City Science},
  pages={2399808318774335},
  year={2018},
  publisher={SAGE Publications Sage UK: London, England}
}


@inproceedings{raimbault2014hybrid,
  title={A Hybrid Network/Grid Model of Urban Morphogenesis and Optimization},
  author={Raimbault, Juste and Banos, Arnaud and Doursat, Ren{\'e}},
  booktitle={4th International Conference on Complex Systems and Applications},
  pages={51--60},
  year={2014}
}

@article{rucker2012network,
  title={Network meta-analysis, electrical networks and graph theory},
  author={R{\"u}cker, Gerta},
  journal={Research synthesis methods},
  volume={3},
  number={4},
  pages={312--324},
  year={2012},
  publisher={Wiley Online Library}
}

@inproceedings{raimbault2017invisible,
  title={Invisible Bridges? Scientific landscapes around similar objects studied from Economics and Geography perspectives},
  author={Raimbault, Juste},
  booktitle={European Colloquium in Theoretical and Quantitative Geography 2017},
  year={2017}
}


@article{raimbault2019exploration,
  title={Exploration of an interdisciplinary scientific landscape},
  author={Raimbault, Juste},
  journal={Scientometrics},
  volume={119},
  number={2},
  pages={617--641},
  year={2019},
  publisher={Springer}
}


@article{cottineau2017metazipf,
  title={MetaZipf. A dynamic meta-analysis of city size distributions},
  author={Cottineau, Cl{\'e}mentine},
  journal={PloS one},
  volume={12},
  number={8},
  pages={e0183919},
  year={2017},
  publisher={Public Library of Science}
}


@article{schmitt2013modelographie,
  title={Mod{\'e}lographie multi-agents de la simulation des interactions soci{\'e}t{\'e}s-environnement et de l’{\'e}mergence des villes},
  author={Schmitt, Clara and Pumain, Denise},
  journal={Cybergeo: European Journal of Geography},
  year={2013},
  publisher={CNRS-UMR G{\'e}ographie-cit{\'e}s 8504}
}
