

@book{benenson2004geosimulation,
  title={Geosimulation: Automata-based modeling of urban phenomena},
  author={Benenson, Itzhak and Torrens, Paul},
  year={2004},
  publisher={John Wiley \& Sons}
}



@article{eno2008generating,
  title={Generating synthetic data to match data mining patterns},
  author={Eno, Josh and Thompson, Craig W},
  journal={IEEE Internet Computing},
  volume={12},
  number={3},
  pages={78--82},
  year={2008},
  publisher={IEEE}
}


@book{hoag2008synthetic,
  title={Synthetic data generation: Theory, techniques and applications},
  author={Hoag, Joseph E},
  year={2008},
  publisher={University of Arkansas}
}


@inproceedings{li2014differentially,
  title={Differentially private synthesization of multi-dimensional data using copula functions},
  author={Li, Haoran and Xiong, Li and Jiang, Xiaoqian},
  booktitle={Advances in database technology: proceedings. International Conference on Extending Database Technology},
  volume={2014},
  pages={475},
  year={2014},
  organization={NIH Public Access}
}



@article{beckman1996creating,
  title={Creating synthetic baseline populations},
  author={Beckman, Richard J and Baggerly, Keith A and McKay, Michael D},
  journal={Transportation Research Part A: Policy and Practice},
  volume={30},
  number={6},
  pages={415--429},
  year={1996},
  publisher={Elsevier}
}


@article{gourdji2010regional,
  title={Regional-scale geostatistical inverse modeling of North American CO 2 fluxes: a synthetic data study},
  author={Gourdji, SM and Hirsch, AI and Mueller, KL and Yadav, V and Andrews, AE and Michalak, AM},
  journal={Atmospheric Chemistry and Physics},
  volume={10},
  number={13},
  pages={6151--6167},
  year={2010},
  publisher={Copernicus GmbH}
}


@article{osborn2017multilevel,
  title={A multilevel, hierarchical sampling technique for spatially correlated random fields},
  author={Osborn, Sarah and Vassilevski, Panayot S and Villa, Umberto},
  journal={SIAM Journal on Scientific Computing},
  volume={39},
  number={5},
  pages={S543--S562},
  year={2017},
  publisher={SIAM}
}


@article{robin1993cross,
  title={Cross-correlated random field generation with the direct Fourier transform method},
  author={Robin, MJL and Gutjahr, AL and Sudicky, EA and Wilson, JL},
  journal={Water Resources Research},
  volume={29},
  number={7},
  pages={2385--2397},
  year={1993},
  publisher={Wiley Online Library}
}


@article{birkin1988synthesis,
  title={SYNTHESISâ€”a synthetic spatial information system for urban and regional analysis: methods and examples},
  author={Birkin, Mark and Clarke, M},
  journal={Environment and planning A},
  volume={20},
  number={12},
  pages={1645--1671},
  year={1988},
  publisher={SAGE Publications Sage UK: London, England}
}


@article{arentze2012modeling,
  title={Modeling social networks in geographic space: approach and empirical application},
  author={Arentze, Theo and van den Berg, Pauline and Timmermans, Harry},
  journal={Environment and Planning A},
  volume={44},
  number={5},
  pages={1101--1120},
  year={2012},
  publisher={SAGE Publications Sage UK: London, England}
}


@incollection{pumain2012multi,
	Author = {Pumain, Denise},
	Booktitle = {Agent-based models of geographical systems},
	Pages = {721--738},
	Publisher = {Springer},
	Title = {Multi-agent system modelling for urban systems: The series of SIMPOP models},
	Year = {2012}}




@article{2009arXiv0907.2221B,
	Author = {{Bourgine}, P. and {Chavalarias}, D. and al.},
	Journal = {arXiv preprint arXiv:0907.2221},
	Month = jul,
	Title = {{French Roadmap for complex Systems 2008-2009}},
	Year = 2009}




@article{10.1371/journal.pone.0138212,
	Author = {Ch{\'e}rel, Guillaume AND Cottineau, Cl{\'e}mentine AND Reuillon, Romain},
	Journal = {PLoS ONE},
	Month = {09},
	Number = {9},
	Pages = {e0138212},
	Title = {Beyond Corroboration: Strengthening Model Validation by Looking for Unexpected Patterns},
	Volume = {10},
	Year = {2015}}




@article{wilensky1999netlogo,
	Author = {Wilensky, Uri},
	Title = {NetLogo},
	Year = {1999}}



@article{reuillon2013openmole,
	Author = {Reuillon, Romain and Leclaire, Mathieu and Rey-Coyrehourcq, Sebastien},
	Journal = {Future Generation Computer Systems},
	Number = {8},
	Pages = {1981--1990},
	Title = {OpenMOLE, a workflow engine specifically tailored for the distributed exploration of simulation models},
	Volume = {29},
	Year = {2013}}



@article{le2015forme,
	Author = {Le N{\'e}chet, Florent},
	Journal = {Cybergeo: European Journal of Geography},
	Title = {De la forme urbaine {\`a} la structure m{\'e}tropolitaine: une typologie de la configuration interne des densit{\'e}s pour les principales m{\'e}tropoles europ{\'e}ennes de l'Audit Urbain},
	Year = {2015}}



@article{cottineau2015growing,
  title={Growing models from the bottom up. An evaluation-based incremental modelling method (EBIMM) applied to the simulation of systems of cities},
  author={Cottineau, Cl{\'e}mentine and Chapron, Paul and Reuillon, Romain},
  journal={Journal of Artificial Societies and Social Simulation},
  volume={18},
  number={4},
  pages={9},
  year={2015}
}


@article{courtat2011mathematics,
	Author = {Courtat, Thomas and Gloaguen, Catherine and Douady, Stephane},
	Journal = {Physical Review E},
	Number = {3},
	Pages = {036106},
	Title = {Mathematics and morphogenesis of cities: A geometrical approach},
	Volume = {83},
	Year = {2011}}



@article{tero2010rules,
	Author = {Tero, Atsushi and Takagi, Seiji and Saigusa, Tetsu and Ito, Kentaro and Bebber, Dan P. and Fricker, Mark D. and Yumiki, Kenji and Kobayashi, Ryo and Nakagaki, Toshiyuki},
	Journal = {Science},
	Number = {5964},
	Pages = {439-442},
	Title = {Rules for Biologically Inspired Adaptive Network Design},
	Volume = {327},
	Year = {2010}}


@incollection{batty2006hierarchy,
	Author = {Batty, Michael},
	Booktitle = {Hierarchy in natural and social sciences},
	Pages = {143--168},
	Publisher = {Springer},
	Title = {Hierarchy in cities and city systems},
	Year = {2006}}



@phdthesis{bretagnolle:tel-00459720,
	Author = {Bretagnolle, Anne},
	Month = Jun,
	School = {Universit{\'e} Panth{\'e}on-Sorbonne - Paris I},
	Title = {{Villes et r{\'e}seaux de transport : des interactions dans la longue dur{\'e}e, France, Europe, {\'E}tats-Unis}},
	Type = {HDR},
	Year = {2009}}



@article{offner1993effets,
	Author = {Offner, Jean-Marc},
	Journal = {Espace g{\'e}ographique},
	Number = {3},
	Pages = {233--242},
	Title = {Les "effets structurants" du transport: mythe politique, mystification scientifique},
	Volume = {22},
	Year = {1993}}



@article{raimbault2018space,
  title={Space Matters: extending sensitivity analysis to initial spatial conditions in geosimulation models},
  author={Raimbault, Juste and Cottineau, Cl{\'e}mentine and Le Texier, M and Le N{\'e}chet, F Le and Reuillon, Romain},
  journal={Journal of Artificial Societies and Social Simulation},
  volume={22},
  number={4},
  year={2019},
  publisher={Jasss}
}


@book{mantegna1999introduction,
  title={Introduction to econophysics: correlations and complexity in finance},
  author={Mantegna, Rosario N and Stanley, H Eugene},
  year={1999},
  publisher={Cambridge university press}
}


@misc{arthur2015complexity,
	Author = {Arthur, W. Brian},
	Howpublished = {Conference on Complex Systems, Tempe, Arizona},
	Title = {Complexity and the Shift in Modern Science},
	Year = {2015}}



@article{barthelemy2013synthetic,
  title={Synthetic population generation without a sample},
  author={Barthelemy, Johan and Toint, Philippe L},
  journal={Transportation Science},
  volume={47},
  number={2},
  pages={266--279},
  year={2013},
  publisher={INFORMS}
}



@article{muller2010population,
  title={Population synthesis for microsimulation: State of the art},
  author={M{\"u}ller, Kirill and Axhausen, Kay W},
  journal={Arbeitsberichte Verkehrs-und Raumplanung},
  volume={638},
  year={2010},
  publisher={IVT, ETH Zurich}
}


@article{raimbault2018calibration,
  title={Calibration of a density-based model of urban morphogenesis},
  author={Raimbault, Juste},
  journal={PloS one},
  volume={13},
  number={9},
  pages={e0203516},
  year={2018},
  publisher={Public Library of Science}
}


@article{newman2003structure,
	Author = {Newman, Mark EJ},
	Date-Added = {2016-01-14 18:47:45 +0000},
	Date-Modified = {2016-01-14 18:47:45 +0000},
	Journal = {SIAM review},
	Number = {2},
	Pages = {167--256},
	Publisher = {SIAM},
	Title = {The structure and function of complex networks},
	Volume = {45},
	Year = {2003}}

@article{chicheportiche2013nested,
	Author = {Chicheportiche, R{\'e}my and Bouchaud, Jean-Philippe},
	Date-Added = {2016-01-14 17:33:53 +0000},
	Date-Modified = {2016-01-14 17:33:53 +0000},
	Journal = {arXiv preprint arXiv:1309.3102},
	Title = {A nested factor model for non-linear dependences in stock returns},
	Year = {2013},
	Bdsk-File-1 = {YnBsaXN0MDDUAQIDBAUGJCVYJHZlcnNpb25YJG9iamVjdHNZJGFyY2hpdmVyVCR0b3ASAAGGoKgHCBMUFRYaIVUkbnVsbNMJCgsMDxJXTlMua2V5c1pOUy5vYmplY3RzViRjbGFzc6INDoACgAOiEBGABIAFgAdccmVsYXRpdmVQYXRoWWFsaWFzRGF0YV8QJERvY3MvTmVzdGVkRmFjdG9yTW9kZWxfMTMwOS4zMTAyLnBkZtIXCxgZV05TLmRhdGFPEQJsAAAAAAJsAAIAAAxNYWNpbnRvc2ggSEQAAAAAAAAAAAAAAAAAAADKQQYMSCsAAAPrdZsfTmVzdGVkRmFjdG9yTW9kZWxfMTMwOS4zMTAyLnBkZgAAAAAAAAAAAAAAAAAAAAAAAAAAAAAAAAAAAAAAAAAAA/iHz9K9m7kAAAAAAAAAAAABAAMAAAkgAAAAAAAAAAAAAAAAAAAABERvY3MAEAAIAADKQOnsAAAAEQAIAADSvY2pAAAAAQAsA+t1mwPrdZoDpASOA2qoTAJXmGsCIfkvAiH5EACQwikABQIVAAUCFAAAvuwAAgCRTWFjaW50b3NoIEhEOlVzZXJzOgBKdXN0ZToARG9jdW1lbnRzOgBDb21wbGV4U3lzdGVtczoAQ2l0eU5ldHdvcms6AERvY3M6AFBhcGVyczoAUm9jaGVicnVuZToAUGFwZXI6AGJpYmxpbzoARG9jczoATmVzdGVkRmFjdG9yTW9kZWxfMTMwOS4zMTAyLnBkZgAADgBAAB8ATgBlAHMAdABlAGQARgBhAGMAdABvAHIATQBvAGQAZQBsAF8AMQAzADAAOQAuADMAMQAwADIALgBwAGQAZgAPABoADABNAGEAYwBpAG4AdABvAHMAaAAgAEgARAASAHlVc2Vycy9KdXN0ZS9Eb2N1bWVudHMvQ29tcGxleFN5c3RlbXMvQ2l0eU5ldHdvcmsvRG9jcy9QYXBlcnMvUm9jaGVicnVuZS9QYXBlci9iaWJsaW8vRG9jcy9OZXN0ZWRGYWN0b3JNb2RlbF8xMzA5LjMxMDIucGRmAAATAAEvAAAVAAIADP//AACABtIbHB0eWiRjbGFzc25hbWVYJGNsYXNzZXNdTlNNdXRhYmxlRGF0YaMdHyBWTlNEYXRhWE5TT2JqZWN00hscIiNcTlNEaWN0aW9uYXJ5oiIgXxAPTlNLZXllZEFyY2hpdmVy0SYnVHJvb3SAAQAIABEAGgAjAC0AMgA3AEAARgBNAFUAYABnAGoAbABuAHEAcwB1AHcAhACOALUAugDCAzIDNAM5A0QDTQNbA18DZgNvA3QDgQOEA5YDmQOeAAAAAAAAAgEAAAAAAAAAKAAAAAAAAAAAAAAAAAAAA6A=}}

@article{pigozzi1980interurban,
	Author = {Pigozzi, Bruce Wm},
	Date-Added = {2016-01-14 17:26:57 +0000},
	Date-Modified = {2016-01-14 17:26:57 +0000},
	Journal = {Geographical Analysis},
	Number = {4},
	Pages = {340--352},
	Publisher = {Wiley Online Library},
	Title = {Interurban linkages through polynomially constrained distributed lags},
	Volume = {12},
	Year = {1980}}

@incollection{pumain2012urban,
	Author = {Pumain, Denise},
	Booktitle = {Complexity Theories of Cities Have Come of Age},
	Date-Added = {2016-01-14 16:52:34 +0000},
	Date-Modified = {2016-01-14 16:52:34 +0000},
	Pages = {91--103},
	Publisher = {Springer},
	Title = {Urban systems dynamics, urban growth and scaling laws: The question of ergodicity},
	Year = {2012},
	Bdsk-File-1 = {YnBsaXN0MDDUAQIDBAUGJCVYJHZlcnNpb25YJG9iamVjdHNZJGFyY2hpdmVyVCR0b3ASAAGGoKgHCBMUFRYaIVUkbnVsbNMJCgsMDxJXTlMua2V5c1pOUy5vYmplY3RzViRjbGFzc6INDoACgAOiEBGABIAFgAdccmVsYXRpdmVQYXRoWWFsaWFzRGF0YV8QPURvY3MvRXJnb2RpY2l0eVB1bWFpbl9jaHAlM0ExMC4xMDA3JTJGOTc4LTMtNjQyLTI0NTQ0LTJfNi5wZGbSFwsYGVdOUy5kYXRhTxECtgAAAAACtgACAAAMTWFjaW50b3NoIEhEAAAAAAAAAAAAAAAAAAAAykEGDEgrAAAD63WbH0VyZ29kaWNpdHlQdW1haW5fY2gjM0Y4OEE5Qi5wZGYAAAAAAAAAAAAAAAAAAAAAAAAAAAAAAAAAAAAAAAAAAAP4ipvSvZ6wAAAAAAAAAAAAAQADAAAJIAAAAAAAAAAAAAAAAAAAAAREb2NzABAACAAAykDp7AAAABEACAAA0r2QoAAAAAEALAPrdZsD63WaA6QEjgNqqEwCV5hrAiH5LwIh+RAAkMIpAAUCFQAFAhQAAL7sAAIAkU1hY2ludG9zaCBIRDpVc2VyczoASnVzdGU6AERvY3VtZW50czoAQ29tcGxleFN5c3RlbXM6AENpdHlOZXR3b3JrOgBEb2NzOgBQYXBlcnM6AFJvY2hlYnJ1bmU6AFBhcGVyOgBiaWJsaW86AERvY3M6AEVyZ29kaWNpdHlQdW1haW5fY2gjM0Y4OEE5Qi5wZGYAAA4AcgA4AEUAcgBnAG8AZABpAGMAaQB0AHkAUAB1AG0AYQBpAG4AXwBjAGgAcAAlADMAQQAxADAALgAxADAAMAA3ACUAMgBGADkANwA4AC0AMwAtADYANAAyAC0AMgA0ADUANAA0AC0AMgBfADYALgBwAGQAZgAPABoADABNAGEAYwBpAG4AdABvAHMAaAAgAEgARAASAJJVc2Vycy9KdXN0ZS9Eb2N1bWVudHMvQ29tcGxleFN5c3RlbXMvQ2l0eU5ldHdvcmsvRG9jcy9QYXBlcnMvUm9jaGVicnVuZS9QYXBlci9iaWJsaW8vRG9jcy9FcmdvZGljaXR5UHVtYWluX2NocCUzQTEwLjEwMDclMkY5NzgtMy02NDItMjQ1NDQtMl82LnBkZgATAAEvAAAVAAIADP//AACABtIbHB0eWiRjbGFzc25hbWVYJGNsYXNzZXNdTlNNdXRhYmxlRGF0YaMdHyBWTlNEYXRhWE5TT2JqZWN00hscIiNcTlNEaWN0aW9uYXJ5oiIgXxAPTlNLZXllZEFyY2hpdmVy0SYnVHJvb3SAAQAIABEAGgAjAC0AMgA3AEAARgBNAFUAYABnAGoAbABuAHEAcwB1AHcAhACOAM4A0wDbA5UDlwOcA6cDsAO+A8IDyQPSA9cD5APnA/kD/AQBAAAAAAAAAgEAAAAAAAAAKAAAAAAAAAAAAAAAAAAABAM=}}

@article{girres2010quality,
	Author = {Girres, Jean-Fran{\c{c}}ois and Touya, Guillaume},
	Date-Added = {2016-01-14 16:44:34 +0000},
	Date-Modified = {2016-01-14 16:44:34 +0000},
	Journal = {Transactions in GIS},
	Number = {4},
	Pages = {435--459},
	Publisher = {Wiley Online Library},
	Title = {Quality assessment of the French OpenStreetMap dataset},
	Volume = {14},
	Year = {2010}}

@article{offner1996reseaux,
	Author = {Offner, Jean-Marc and Pumain, Denise},
	Date-Added = {2016-01-14 13:51:59 +0000},
	Date-Modified = {2016-01-14 13:51:59 +0000},
	Publisher = {Editions de l'Aube},
	Title = {R{\'e}seaux et territoires-significations crois{\'e}es},
	Year = {1996}}

@phdthesis{schmitt2014modelisation,
	Author = {Schmitt, Clara},
	Date-Added = {2016-01-14 13:46:55 +0000},
	Date-Modified = {2016-01-14 13:46:55 +0000},
	School = {Paris 1},
	Title = {Mod{\'e}lisation de la dynamique des syst{\`e}mes de peuplement: de SimpopLocal {\`a} SimpopNet.},
	Year = {2014}}

@article{sanders1997simpop,
	Author = {Sanders, Lena and Pumain, Denise and Mathian, H{\'e}lene and Gu{\'e}rin-Pace, France and Bura, Stephane},
	Date-Added = {2016-01-14 13:39:01 +0000},
	Date-Modified = {2016-01-14 13:39:01 +0000},
	Journal = {Environment and Planning B},
	Pages = {287--306},
	Publisher = {Pion Ltd},
	Title = {SIMPOP: a multiagent system for the study of urbanism},
	Volume = {24},
	Year = {1997}}

@article{brunsdon1998geographically,
	Author = {Brunsdon, Chris and Fotheringham, Stewart and Charlton, Martin},
	Date-Added = {2016-01-14 13:29:13 +0000},
	Date-Modified = {2016-01-14 13:29:13 +0000},
	Journal = {Journal of the Royal Statistical Society: Series D (The Statistician)},
	Number = {3},
	Pages = {431--443},
	Publisher = {Wiley Online Library},
	Title = {Geographically weighted regression},
	Volume = {47},
	Year = {1998}}

@book{gell1995quark,
	Author = {Gell-Mann, Murray},
	Date-Added = {2016-01-14 11:34:37 +0000},
	Date-Modified = {2016-01-14 11:34:37 +0000},
	Publisher = {Macmillan},
	Title = {The Quark and the Jaguar: Adventures in the Simple and the Complex},
	Year = {1995}}



@article{raimbault2016calibration,
	Author = {J. Raimbault},
	Date-Added = {2016-01-13 14:48:32 +0000},
	Date-Modified = {2016-01-13 14:49:36 +0000},
	Journal = {Working Paper, draft at https://github.com/JusteRaimbault/CityNetwork/tree/master/Docs/Papers/Density},
	Title = {Calibration of a Spatialized Urban Growth Model},
	Year = {2016}}

@incollection{banos2012towards,
	Author = {Banos, Arnaud and Genre-Grandpierre, Cyrille},
	Booktitle = {Agent-based models of geographical systems},
	Date-Added = {2016-01-13 13:15:10 +0000},
	Date-Modified = {2016-01-13 13:15:10 +0000},
	Pages = {627--641},
	Publisher = {Springer},
	Title = {Towards new metrics for urban road networks: Some preliminary evidence from agent-based simulations},
	Year = {2012}}

@article{barndorff2011multivariate,
	Author = {Barndorff-Nielsen, Ole E and Hansen, Peter Reinhard and Lunde, Asger and Shephard, Neil},
	Date-Added = {2016-01-12 10:43:17 +0000},
	Date-Modified = {2016-01-12 10:43:17 +0000},
	Journal = {Journal of Econometrics},
	Pages = {149--169},
	Publisher = {Elsevier},
	Title = {Multivariate realised kernels: consistent positive semi-definite estimators of the covariation of equity prices with noise and non-synchronous trading},
	Volume = {162},
	Year = {2011}}

@article{2001PhyA..299...16B,
	Adsnote = {Provided by the SAO/NASA Astrophysics Data System},
	Adsurl = {http://adsabs.harvard.edu/abs/2001PhyA..299...16B},
	Author = {{Bonanno}, G. and {Lillo}, F. and {Mantegna}, R.~N.},
	Date-Added = {2016-01-12 10:41:40 +0000},
	Date-Modified = {2016-01-12 10:41:40 +0000},
	Eprint = {cond-mat/0104369},
	Journal = {Physica A Statistical Mechanics and its Applications},
	Month = oct,
	Pages = {16-27},
	Title = {{Levels of complexity in financial markets}},
	Volume = 299,
	Year = 2001,
	Bdsk-Url-1 = {http://dx.doi.org/10.1016/S0378-4371(01)00279-5}}


@article{ramsey2002wavelets,
	Author = {Ramsey, James B},
	Date-Added = {2016-01-12 10:24:05 +0000},
	Date-Modified = {2016-01-12 10:24:05 +0000},
	Journal = {Studies in Nonlinear Dynamics \& Econometrics},
	Title = {Wavelets in economics and finance: Past and future},
	Volume = {6},
	Year = {2002}}

@article{bouchaud2000apparent,
	Author = {Bouchaud, J-P and Potters, Marc and Meyer, Martin},
	Date-Added = {2016-01-12 10:22:59 +0000},
	Date-Modified = {2016-01-12 10:22:59 +0000},
	Journal = {The European Physical Journal B-Condensed Matter and Complex Systems},
	Number = {3},
	Pages = {595--599},
	Publisher = {Springer},
	Title = {Apparent multifractality in financial time series},
	Volume = {13},
	Year = {2000},
	Bdsk-File-1 = {YnBsaXN0MDDUAQIDBAUGJCVYJHZlcnNpb25YJG9iamVjdHNZJGFyY2hpdmVyVCR0b3ASAAGGoKgHCBMUFRYaIVUkbnVsbNMJCgsMDxJXTlMua2V5c1pOUy5vYmplY3RzViRjbGFzc6INDoACgAOiEBGABIAFgAdccmVsYXRpdmVQYXRoWWFsaWFzRGF0YV8QKERvY3MvQm91Y2hhdWRNdWx0aWZyYWN0YWxpdHlfOTkwNjM0Ny5wZGbSFwsYGVdOUy5kYXRhTxECeAAAAAACeAACAAAMTWFjaW50b3NoIEhEAAAAAAAAAAAAAAAAAAAAykEGDEgrAAAD63WbH0JvdWNoYXVkTXVsdGlmcmFjdGEjM0Y1RENGQy5wZGYAAAAAAAAAAAAAAAAAAAAAAAAAAAAAAAAAAAAAAAAAAAP13PzSupJsAAAAAAAAAAAAAQADAAAJIAAAAAAAAAAAAAAAAAAAAAREb2NzABAACAAAykDp7AAAABEACAAA0rqEXAAAAAEALAPrdZsD63WaA6QEjgNqqEwCV5hrAiH5LwIh+RAAkMIpAAUCFQAFAhQAAL7sAAIAkU1hY2ludG9zaCBIRDpVc2VyczoASnVzdGU6AERvY3VtZW50czoAQ29tcGxleFN5c3RlbXM6AENpdHlOZXR3b3JrOgBEb2NzOgBQYXBlcnM6AFJvY2hlYnJ1bmU6AFBhcGVyOgBiaWJsaW86AERvY3M6AEJvdWNoYXVkTXVsdGlmcmFjdGEjM0Y1RENGQy5wZGYAAA4ASAAjAEIAbwB1AGMAaABhAHUAZABNAHUAbAB0AGkAZgByAGEAYwB0AGEAbABpAHQAeQBfADkAOQAwADYAMwA0ADcALgBwAGQAZgAPABoADABNAGEAYwBpAG4AdABvAHMAaAAgAEgARAASAH1Vc2Vycy9KdXN0ZS9Eb2N1bWVudHMvQ29tcGxleFN5c3RlbXMvQ2l0eU5ldHdvcmsvRG9jcy9QYXBlcnMvUm9jaGVicnVuZS9QYXBlci9iaWJsaW8vRG9jcy9Cb3VjaGF1ZE11bHRpZnJhY3RhbGl0eV85OTA2MzQ3LnBkZgAAEwABLwAAFQACAAz//wAAgAbSGxwdHlokY2xhc3NuYW1lWCRjbGFzc2VzXU5TTXV0YWJsZURhdGGjHR8gVk5TRGF0YVhOU09iamVjdNIbHCIjXE5TRGljdGlvbmFyeaIiIF8QD05TS2V5ZWRBcmNoaXZlctEmJ1Ryb290gAEACAARABoAIwAtADIANwBAAEYATQBVAGAAZwBqAGwAbgBxAHMAdQB3AIQAjgC5AL4AxgNCA0QDSQNUA10DawNvA3YDfwOEA5EDlAOmA6kDrgAAAAAAAAIBAAAAAAAAACgAAAAAAAAAAAAAAAAAAAOw}}

@article{jarrow1999honor,
	Author = {Jarrow, Robert A},
	Date-Added = {2016-01-12 10:14:00 +0000},
	Date-Modified = {2016-01-12 10:14:00 +0000},
	Journal = {The Journal of Economic Perspectives},
	Pages = {229--248},
	Publisher = {JSTOR},
	Title = {In Honor of the Nobel Laureates Robert C. Merton and Myron S. Scholes: A Partial Differential Equation that Changed the World},
	Year = {1999}}

@manual{Tsay:2015xy,
	Author = {Ruey S. Tsay},
	Date-Added = {2016-01-12 09:42:38 +0000},
	Date-Modified = {2016-01-12 09:42:40 +0000},
	Note = {R package version 0.33},
	Title = {MTS: All-Purpose Toolkit for Analyzing Multivariate Time Series (MTS) and Estimating Multivariate Volatility Models},
	Url = {http://CRAN.R-project.org/package=MTS},
	Year = {2015},
	Bdsk-Url-1 = {http://CRAN.R-project.org/package=MTS}}

@article{2015arXiv150701033P,
	Adsnote = {Provided by the SAO/NASA Astrophysics Data System},
	Adsurl = {http://adsabs.harvard.edu/abs/2015arXiv150701033P},
	Archiveprefix = {arXiv},
	Author = {{Potiron}, Y. and {Mykland}, P.},
	Date-Added = {2016-01-08 12:38:16 +0000},
	Date-Modified = {2016-01-08 12:38:16 +0000},
	Eprint = {1507.01033},
	Journal = {ArXiv e-prints},
	Keywords = {Quantitative Finance - Statistical Finance},
	Month = jul,
	Primaryclass = {q-fin.ST},
	Title = {{Estimation of integrated quadratic covariation between two assets with endogenous sampling times}},
	Year = 2015,
	Bdsk-File-1 = {YnBsaXN0MDDUAQIDBAUGJCVYJHZlcnNpb25YJG9iamVjdHNZJGFyY2hpdmVyVCR0b3ASAAGGoKgHCBMUFRYaIVUkbnVsbNMJCgsMDxJXTlMua2V5c1pOUy5vYmplY3RzViRjbGFzc6INDoACgAOiEBGABIAFgAdccmVsYXRpdmVQYXRoWWFsaWFzRGF0YV8QFURvY3MvMTUwNy4wMTAzM3YyLnBkZtIXCxgZV05TLmRhdGFPEQIuAAAAAAIuAAIAAAxNYWNpbnRvc2ggSEQAAAAAAAAAAAAAAAAAAADKQQYMSCsAAAPrdZsQMTUwNy4wMTAzM3YyLnBkZgAAAAAAAAAAAAAAAAAAAAAAAAAAAAAAAAAAAAAAAAAAAAAAAAAAAAAAAAAAAAAAA+yxnNK1bCQAAAAAAAAAAAABAAMAAAkgAAAAAAAAAAAAAAAAAAAABERvY3MAEAAIAADKQOnsAAAAEQAIAADStV4UAAAAAQAsA+t1mwPrdZoDpASOA2qoTAJXmGsCIfkvAiH5EACQwikABQIVAAUCFAAAvuwAAgCCTWFjaW50b3NoIEhEOlVzZXJzOgBKdXN0ZToARG9jdW1lbnRzOgBDb21wbGV4U3lzdGVtczoAQ2l0eU5ldHdvcms6AERvY3M6AFBhcGVyczoAUm9jaGVicnVuZToAUGFwZXI6AGJpYmxpbzoARG9jczoAMTUwNy4wMTAzM3YyLnBkZgAOACIAEAAxADUAMAA3AC4AMAAxADAAMwAzAHYAMgAuAHAAZABmAA8AGgAMAE0AYQBjAGkAbgB0AG8AcwBoACAASABEABIAalVzZXJzL0p1c3RlL0RvY3VtZW50cy9Db21wbGV4U3lzdGVtcy9DaXR5TmV0d29yay9Eb2NzL1BhcGVycy9Sb2NoZWJydW5lL1BhcGVyL2JpYmxpby9Eb2NzLzE1MDcuMDEwMzN2Mi5wZGYAEwABLwAAFQACAAz//wAAgAbSGxwdHlokY2xhc3NuYW1lWCRjbGFzc2VzXU5TTXV0YWJsZURhdGGjHR8gVk5TRGF0YVhOU09iamVjdNIbHCIjXE5TRGljdGlvbmFyeaIiIF8QD05TS2V5ZWRBcmNoaXZlctEmJ1Ryb290gAEACAARABoAIwAtADIANwBAAEYATQBVAGAAZwBqAGwAbgBxAHMAdQB3AIQAjgCmAKsAswLlAucC7AL3AwADDgMSAxkDIgMnAzQDNwNJA0wDUQAAAAAAAAIBAAAAAAAAACgAAAAAAAAAAAAAAAAAAANT}}

@article{ye2011investigation,
	Author = {Ye, Xin},
	Date-Added = {2016-01-07 15:29:09 +0000},
	Date-Modified = {2016-01-07 15:29:09 +0000},
	Journal = {Transportation Research Record: Journal of the Transportation Research Board},
	Number = {2254},
	Pages = {36--43},
	Publisher = {Transportation Research Board of the National Academies},
	Title = {Investigation of Underlying Distributional Assumption in Nested Logit Model Using Copula-Based Simulation and Numerical Approximation},
	Year = {2011}}

@article{van2006syntren,
	Author = {Van den Bulcke, Tim and Van Leemput, Koenraad and Naudts, Bart and van Remortel, Piet and Ma, Hongwu and Verschoren, Alain and De Moor, Bart and Marchal, Kathleen},
	Date-Added = {2016-01-07 13:31:33 +0000},
	Date-Modified = {2016-01-07 13:31:33 +0000},
	Journal = {BMC bioinformatics},
	Number = {1},
	Pages = {43},
	Publisher = {BioMed Central Ltd},
	Title = {SynTReN: a generator of synthetic gene expression data for design and analysis of structure learning algorithms},
	Volume = {7},
	Year = {2006},
	Bdsk-File-1 = {YnBsaXN0MDDUAQIDBAUGJCVYJHZlcnNpb25YJG9iamVjdHNZJGFyY2hpdmVyVCR0b3ASAAGGoKgHCBMUFRYaIVUkbnVsbNMJCgsMDxJXTlMua2V5c1pOUy5vYmplY3RzViRjbGFzc6INDoACgAOiEBGABIAFgAdccmVsYXRpdmVQYXRoWWFsaWFzRGF0YV8QRERvY3MvR2VuZUV4cHJlc3Npb25CaW9JbmZvcm1hdGljc19hcnQlM0ExMC4xMTg2JTJGMTQ3MS0yMTA1LTctNDMucGRm0hcLGBlXTlMuZGF0YU8RAswAAAAAAswAAgAADE1hY2ludG9zaCBIRAAAAAAAAAAAAAAAAAAAAMpBBgxIKwAAA+t1mx9HZW5lRXhwcmVzc2lvbkJpb0luIzNFQkQ0RjYucGRmAAAAAAAAAAAAAAAAAAAAAAAAAAAAAAAAAAAAAAAAAAAD69T20rQm+wAAAAAAAAAAAAEAAwAACSAAAAAAAAAAAAAAAAAAAAAERG9jcwAQAAgAAMpA6ewAAAARAAgAANK0GOsAAAABACwD63WbA+t1mgOkBI4DaqhMAleYawIh+S8CIfkQAJDCKQAFAhUABQIUAAC+7AACAJFNYWNpbnRvc2ggSEQ6VXNlcnM6AEp1c3RlOgBEb2N1bWVudHM6AENvbXBsZXhTeXN0ZW1zOgBDaXR5TmV0d29yazoARG9jczoAUGFwZXJzOgBSb2NoZWJydW5lOgBQYXBlcjoAYmlibGlvOgBEb2NzOgBHZW5lRXhwcmVzc2lvbkJpb0luIzNFQkQ0RjYucGRmAAAOAIAAPwBHAGUAbgBlAEUAeABwAHIAZQBzAHMAaQBvAG4AQgBpAG8ASQBuAGYAbwByAG0AYQB0AGkAYwBzAF8AYQByAHQAJQAzAEEAMQAwAC4AMQAxADgANgAlADIARgAxADQANwAxAC0AMgAxADAANQAtADcALQA0ADMALgBwAGQAZgAPABoADABNAGEAYwBpAG4AdABvAHMAaAAgAEgARAASAJlVc2Vycy9KdXN0ZS9Eb2N1bWVudHMvQ29tcGxleFN5c3RlbXMvQ2l0eU5ldHdvcmsvRG9jcy9QYXBlcnMvUm9jaGVicnVuZS9QYXBlci9iaWJsaW8vRG9jcy9HZW5lRXhwcmVzc2lvbkJpb0luZm9ybWF0aWNzX2FydCUzQTEwLjExODYlMkYxNDcxLTIxMDUtNy00My5wZGYAABMAAS8AABUAAgAM//8AAIAG0hscHR5aJGNsYXNzbmFtZVgkY2xhc3Nlc11OU011dGFibGVEYXRhox0fIFZOU0RhdGFYTlNPYmplY3TSGxwiI1xOU0RpY3Rpb25hcnmiIiBfEA9OU0tleWVkQXJjaGl2ZXLRJidUcm9vdIABAAgAEQAaACMALQAyADcAQABGAE0AVQBgAGcAagBsAG4AcQBzAHUAdwCEAI4A1QDaAOIDsgO0A7kDxAPNA9sD3wPmA+8D9AQBBAQEFgQZBB4AAAAAAAACAQAAAAAAAAAoAAAAAAAAAAAAAAAAAAAEIA==}}

@article{garrow2010generation,
	Author = {Garrow, Laurie A and Bodea, Tudor D and Lee, Misuk},
	Date-Added = {2016-01-07 10:45:14 +0000},
	Date-Modified = {2016-01-07 10:45:14 +0000},
	Journal = {Transportation},
	Number = {2},
	Pages = {183--202},
	Publisher = {Springer},
	Title = {Generation of synthetic datasets for discrete choice analysis},
	Volume = {37},
	Year = {2010},
	Bdsk-File-1 = {YnBsaXN0MDDUAQIDBAUGJCVYJHZlcnNpb25YJG9iamVjdHNZJGFyY2hpdmVyVCR0b3ASAAGGoKgHCBMUFRYaIVUkbnVsbNMJCgsMDxJXTlMua2V5c1pOUy5vYmplY3RzViRjbGFzc6INDoACgAOiEBGABIAFgAdccmVsYXRpdmVQYXRoWWFsaWFzRGF0YV8QKkRvY3MvYXJ0JTNBMTAuMTAwNyUyRnMxMTExNi0wMDktOTIyOC02LnBkZtIXCxgZV05TLmRhdGFPEQJ+AAAAAAJ+AAIAAAxNYWNpbnRvc2ggSEQAAAAAAAAAAAAAAAAAAADKQQYMSCsAAAPrdZsfYXJ0JTNBMTAuMTAwNyUyRnMxMSMzRUJEMEU3LnBkZgAAAAAAAAAAAAAAAAAAAAAAAAAAAAAAAAAAAAAAAAAAA+vQ59K0BOQAAAAAAAAAAAABAAMAAAkgAAAAAAAAAAAAAAAAAAAABERvY3MAEAAIAADKQOnsAAAAEQAIAADSs/bUAAAAAQAsA+t1mwPrdZoDpASOA2qoTAJXmGsCIfkvAiH5EACQwikABQIVAAUCFAAAvuwAAgCRTWFjaW50b3NoIEhEOlVzZXJzOgBKdXN0ZToARG9jdW1lbnRzOgBDb21wbGV4U3lzdGVtczoAQ2l0eU5ldHdvcms6AERvY3M6AFBhcGVyczoAUm9jaGVicnVuZToAUGFwZXI6AGJpYmxpbzoARG9jczoAYXJ0JTNBMTAuMTAwNyUyRnMxMSMzRUJEMEU3LnBkZgAADgBMACUAYQByAHQAJQAzAEEAMQAwAC4AMQAwADAANwAlADIARgBzADEAMQAxADEANgAtADAAMAA5AC0AOQAyADIAOAAtADYALgBwAGQAZgAPABoADABNAGEAYwBpAG4AdABvAHMAaAAgAEgARAASAH9Vc2Vycy9KdXN0ZS9Eb2N1bWVudHMvQ29tcGxleFN5c3RlbXMvQ2l0eU5ldHdvcmsvRG9jcy9QYXBlcnMvUm9jaGVicnVuZS9QYXBlci9iaWJsaW8vRG9jcy9hcnQlM0ExMC4xMDA3JTJGczExMTE2LTAwOS05MjI4LTYucGRmAAATAAEvAAAVAAIADP//AACABtIbHB0eWiRjbGFzc25hbWVYJGNsYXNzZXNdTlNNdXRhYmxlRGF0YaMdHyBWTlNEYXRhWE5TT2JqZWN00hscIiNcTlNEaWN0aW9uYXJ5oiIgXxAPTlNLZXllZEFyY2hpdmVy0SYnVHJvb3SAAQAIABEAGgAjAC0AMgA3AEAARgBNAFUAYABnAGoAbABuAHEAcwB1AHcAhACOALsAwADIA0oDTANRA1wDZQNzA3cDfgOHA4wDmQOcA64DsQO2AAAAAAAAAgEAAAAAAAAAKAAAAAAAAAAAAAAAAAAAA7g=}}

@article{abadie2010synthetic,
	Author = {Abadie, Alberto and Diamond, Alexis and Hainmueller, Jens},
	Date-Added = {2015-10-14 15:54:19 +0000},
	Date-Modified = {2015-10-14 15:54:19 +0000},
	Journal = {Journal of the American Statistical Association},
	Number = {490},
	Title = {Synthetic control methods for comparative case studies: Estimating the effect of California's tobacco control program},
	Volume = {105},
	Year = {2010},
	Bdsk-File-1 = {YnBsaXN0MDDUAQIDBAUGJCVYJHZlcnNpb25YJG9iamVjdHNZJGFyY2hpdmVyVCR0b3ASAAGGoKgHCBMUFRYaIVUkbnVsbNMJCgsMDxJXTlMua2V5c1pOUy5vYmplY3RzViRjbGFzc6INDoACgAOiEBGABIAFgAdccmVsYXRpdmVQYXRoWWFsaWFzRGF0YV8QJERvY3MvVGhlcmFwZXV0aWNFdmFsdWF0aW9uXzU5NDQ3LnBkZtIXCxgZV05TLmRhdGFPEQJsAAAAAAJsAAIAAAxNYWNpbnRvc2ggSEQAAAAAAAAAAAAAAAAAAADKQQYMSCsAAAPrdZsfVGhlcmFwZXV0aWNFdmFsdWF0aW9uXzU5NDQ3LnBkZgAAAAAAAAAAAAAAAAAAAAAAAAAAAAAAAAAAAAAAAAAAA+t1XNKz87IAAAAAAAAAAAABAAMAAAkgAAAAAAAAAAAAAAAAAAAABERvY3MAEAAIAADKQOnsAAAAEQAIAADSs+WiAAAAAQAsA+t1mwPrdZoDpASOA2qoTAJXmGsCIfkvAiH5EACQwikABQIVAAUCFAAAvuwAAgCRTWFjaW50b3NoIEhEOlVzZXJzOgBKdXN0ZToARG9jdW1lbnRzOgBDb21wbGV4U3lzdGVtczoAQ2l0eU5ldHdvcms6AERvY3M6AFBhcGVyczoAUm9jaGVicnVuZToAUGFwZXI6AGJpYmxpbzoARG9jczoAVGhlcmFwZXV0aWNFdmFsdWF0aW9uXzU5NDQ3LnBkZgAADgBAAB8AVABoAGUAcgBhAHAAZQB1AHQAaQBjAEUAdgBhAGwAdQBhAHQAaQBvAG4AXwA1ADkANAA0ADcALgBwAGQAZgAPABoADABNAGEAYwBpAG4AdABvAHMAaAAgAEgARAASAHlVc2Vycy9KdXN0ZS9Eb2N1bWVudHMvQ29tcGxleFN5c3RlbXMvQ2l0eU5ldHdvcmsvRG9jcy9QYXBlcnMvUm9jaGVicnVuZS9QYXBlci9iaWJsaW8vRG9jcy9UaGVyYXBldXRpY0V2YWx1YXRpb25fNTk0NDcucGRmAAATAAEvAAAVAAIADP//AACABtIbHB0eWiRjbGFzc25hbWVYJGNsYXNzZXNdTlNNdXRhYmxlRGF0YaMdHyBWTlNEYXRhWE5TT2JqZWN00hscIiNcTlNEaWN0aW9uYXJ5oiIgXxAPTlNLZXllZEFyY2hpdmVy0SYnVHJvb3SAAQAIABEAGgAjAC0AMgA3AEAARgBNAFUAYABnAGoAbABuAHEAcwB1AHcAhACOALUAugDCAzIDNAM5A0QDTQNbA18DZgNvA3QDgQOEA5YDmQOeAAAAAAAAAgEAAAAAAAAAKAAAAAAAAAAAAAAAAAAAA6A=}}

@article{tumminello2005tool,
	Author = {Tumminello, Michele and Aste, Tomaso and Di Matteo, Tiziana and Mantegna, Rosario N},
	Date-Added = {2015-10-14 14:17:17 +0000},
	Date-Modified = {2015-10-14 14:17:17 +0000},
	Journal = {Proceedings of the National Academy of Sciences of the United States of America},
	Pages = {10421--10426},
	Publisher = {National Acad Sciences},
	Title = {A tool for filtering information in complex systems},
	Volume = {102},
	Year = {2005}}

@article{2009arXiv0910.1205B,
	Adsnote = {Provided by the SAO/NASA Astrophysics Data System},
	Adsurl = {http://adsabs.harvard.edu/abs/2009arXiv0910.1205B},
	Archiveprefix = {arXiv},
	Author = {{Bouchaud}, J.~P. and {Potters}, M.},
	Date-Added = {2015-10-14 14:13:41 +0000},
	Date-Modified = {2015-10-14 14:13:41 +0000},
	Eprint = {0910.1205},
	Journal = {ArXiv e-prints},
	Keywords = {Quantitative Finance - Statistical Finance, Condensed Matter - Disordered Systems and Neural Networks, Quantitative Finance - Risk Management},
	Month = oct,
	Primaryclass = {q-fin.ST},
	Title = {{Financial Applications of Random Matrix Theory: a short review}},
	Year = 2009}

@book{mantegna2000introduction,
	Author = {Mantegna, Rosario Nunzio and Stanley, Harry Eugene and others},
	Date-Added = {2015-10-14 14:07:23 +0000},
	Date-Modified = {2015-10-14 14:07:23 +0000},
	Publisher = {Cambridge university press Cambridge},
	Reading = {FP},
	Title = {An introduction to econophysics: correlations and complexity in finance},
	Usage = {SSB},
	Volume = {9},
	Year = {2000}}

@inproceedings{pritchard2009advances,
	Author = {Pritchard, David R and Miller, Eric J},
	Booktitle = {Transportation Research Board 88th Annual Meeting},
	Date-Added = {2015-10-14 13:28:26 +0000},
	Date-Modified = {2015-10-14 13:28:26 +0000},
	Number = {09-1686},
	Title = {Advances in agent population synthesis and application in an integrated land use and transportation model},
	Year = {2009}}

@inproceedings{moeckel2003creating,
	Author = {Moeckel, Rolf and Spiekermann, Klaus and Wegener, Michael},
	Booktitle = {Proceedings of the 8th International Conference on Computers in Urban Planning and Urban Management (CUPUM)},
	Date-Added = {2015-10-14 13:28:12 +0000},
	Date-Modified = {2015-10-14 13:28:12 +0000},
	Title = {Creating a synthetic population},
	Year = {2003}}

@article{bolon2013review,
	Author = {Bol{\'o}n-Canedo, Ver{\'o}nica and S{\'a}nchez-Maro{\~n}o, Noelia and Alonso-Betanzos, Amparo},
	Date-Added = {2015-10-14 13:21:13 +0000},
	Date-Modified = {2015-10-14 13:21:13 +0000},
	Journal = {Knowledge and information systems},
	Number = {3},
	Pages = {483--519},
	Publisher = {Springer},
	Title = {A review of feature selection methods on synthetic data},
	Volume = {34},
	Year = {2013}}
