

@incollection{pumain2018evolutionary,
  title={An evolutionary theory of urban systems},
  author={Pumain, Denise},
  booktitle={International and transnational perspectives on urban systems},
  pages={3--18},
  year={2018},
  publisher={Springer}
}



@inproceedings{le2015modeling,
  title={Modeling the emergence of metropolitan transport autorithy in a polycentric urban region},
  author={Le N{\'e}chet, Florent and Raimbault, Juste},
  year={2015}
}


@article{rozenblat2018conclusion,
  title={Conclusion: Toward a methodology for multi-scalar urban system policies},
  author={Rozenblat, Celine and Pumain, Denise},
  journal={International and Transnational Perspectives on Urban Systems},
  pages={385},
  year={2018},
  publisher={Springer}
}


@article{schmitt2013modelographie,
  title={Mod{\'e}lographie multi-agents de la simulation des interactions soci{\'e}t{\'e}s-environnement et de lâ€™{\'e}mergence des villes},
  author={Schmitt, Clara and Pumain, Denise},
  journal={Cybergeo: European Journal of Geography},
  year={2013},
  publisher={CNRS-UMR G{\'e}ographie-cit{\'e}s 8504}
}

@article{moher2009preferred,
  title={Preferred reporting items for systematic reviews and meta-analyses: the PRISMA statement},
  author={Moher, David and Liberati, Alessandro and Tetzlaff, Jennifer and Altman, Douglas G and Prisma Group and others},
  journal={PLoS med},
  volume={6},
  number={7},
  pages={e1000097},
  year={2009},
  publisher={Public Library of Science}
}


@book{mcnally2007four,
  title={The four-step model},
  author={McNally, Michael G},
  year={2007},
  publisher={Emerald Group Publishing Limited}
}


@article{geurs2004accessibility,
  title={Accessibility evaluation of land-use and transport strategies: review and research directions},
  author={Geurs, Karst T and Van Wee, Bert},
  journal={Journal of Transport geography},
  volume={12},
  number={2},
  pages={127--140},
  year={2004},
  publisher={Elsevier}
}


@article{baum2020does,
  title={Does investment in national highways help or hurt hinterland city growth?},
  author={Baum-Snow, Nathaniel and Henderson, J Vernon and Turner, Matthew A and Zhang, Qinghua and Brandt, Loren},
  journal={Journal of Urban Economics},
  volume={115},
  pages={103124},
  year={2020},
  publisher={Elsevier}
}

@article{raimbault2017models,
  title={Models coupling urban growth and transportation network growth: An algorithmic systematic review approach},
  author={Raimbault, Juste},
  journal={Plurimondi},
  number={17},
  year={2017}
}


@article{pumain2005cumulativite,
  title={Cumulativit{\'e} des connaissances},
  author={Pumain, Denise},
  journal={Revue europ{\'e}enne des sciences sociales. European Journal of Social Sciences},
  number={XLIII-131},
  pages={5--12},
  year={2005},
  publisher={Librairie Droz}
}



@book{pumain2017urban,
  title={Urban dynamics and simulation models},
  author={Pumain, Denise and Reuillon, Romain},
  year={2017},
  publisher={Springer}
}


@incollection{raimbault2019urban,
  title={An urban morphogenesis model capturing interactions between networks and territories},
  author={Raimbault, Juste},
  booktitle={The mathematics of urban morphology},
  pages={383--409},
  year={2019},
  publisher={Springer}
}

@article{santos2010interurban,
  title={Interurban road network planning model with accessibility and robustness objectives},
  author={Santos, Bruno F and Antunes, Ant{\'o}nio P and Miller, Eric J},
  journal={Transportation Planning and Technology},
  volume={33},
  number={3},
  pages={297--313},
  year={2010},
  publisher={Taylor \& Francis}
}

@article{baum2017roads,
  title={Roads, railroads, and decentralization of Chinese cities},
  author={Baum-Snow, Nathaniel and Brandt, Loren and Henderson, J Vernon and Turner, Matthew A and Zhang, Qinghua},
  journal={Review of Economics and Statistics},
  volume={99},
  number={3},
  pages={435--448},
  year={2017},
  publisher={MIT Press}
}

@article{zhong2015measuring,
  title={Measuring variability of mobility patterns from multiday smart-card data},
  author={Zhong, Chen and Manley, Ed and Arisona, Stefan M{\"u}ller and Batty, Michael and Schmitt, Gerhard},
  journal={Journal of Computational Science},
  volume={9},
  pages={125--130},
  year={2015},
  publisher={Elsevier}
}


@article{wegener2004land,
  title={Land-use transport interaction: state of the art},
  author={Wegener, Michael and F{\"u}rst, Franz},
  journal={Available at SSRN 1434678},
  year={2004}
}

@article{cottineau2015growing,
  title={Growing models from the bottom up. An evaluation-based incremental modelling method (EBIMM) applied to the simulation of systems of cities},
  author={Cottineau, Cl{\'e}mentine and Chapron, Paul and Reuillon, Romain},
  journal={Journal of Artificial Societies and Social Simulation},
  volume={18},
  number={4},
  pages={9},
  year={2015}
}


@article{liaw2002classification,
  title={Classification and regression by randomForest},
  author={Liaw, Andy and Wiener, Matthew and others},
  journal={R news},
  volume={2},
  number={3},
  pages={18--22},
  year={2002}
}


@inproceedings{igel2005multi,
  title={Multi-objective model selection for support vector machines},
  author={Igel, Christian},
  booktitle={International Conference on Evolutionary Multi-Criterion Optimization},
  pages={534--546},
  year={2005},
  organization={Springer}
}


@article{cottineau2017metazipf,
  title={MetaZipf. A dynamic meta-analysis of city size distributions},
  author={Cottineau, Cl{\'e}mentine},
  journal={PloS one},
  volume={12},
  number={8},
  pages={e0183919},
  year={2017},
  publisher={Public Library of Science San Francisco, CA USA}
}


@article{raimbault2017investigating,
  title={Investigating the empirical existence of static user equilibrium},
  author={Raimbault, Juste},
  journal={Transportation research procedia},
  volume={22},
  pages={450--458},
  year={2017},
  publisher={Elsevier}
}


@article{raimbault2019empowering,
  title={Empowering open science with reflexive and spatialised indicators},
  author={Raimbault, Juste and Chasset, Pierre-Olivier and Cottineau, Cl{\'e}mentine and Commenges, Hadrien and Pumain, Denise and Kosmopoulos, Christine and Banos, Arnaud},
  journal={Environment and Planning B: Urban Analytics and City Science},
  pages={2399808319870816},
  year={2019},
  publisher={SAGE Publications Sage UK: London, England}
}

@article{raimbault2019exploration,
  title={Exploration of an interdisciplinary scientific landscape},
  author={Raimbault, Juste},
  journal={Scientometrics},
  volume={119},
  number={2},
  pages={617--641},
  year={2019},
  publisher={Springer}
}


@article{bergeaud2017classifying,
  title={Classifying patents based on their semantic content},
  author={Bergeaud, Antonin and Potiron, Yoann and Raimbault, Juste},
  journal={PloS one},
  volume={12},
  number={4},
  pages={e0176310},
  year={2017},
  publisher={Public Library of Science San Francisco, CA USA}
}


@article{bastian2010seventy,
  title={Seventy-five trials and eleven systematic reviews a day: how will we ever keep up?},
  author={Bastian, Hilda and Glasziou, Paul and Chalmers, Iain},
  journal={PLoS med},
  volume={7},
  number={9},
  pages={e1000326},
  year={2010},
  publisher={Public Library of Science}
}

@article{lissack2013subliminal,
  title={Subliminal influence or plagiarism by negligence? The slodderwetenschap of ignoring the internet},
  author={Lissack, Michael},
  journal={Journal of Academic Ethics},
  year={2013}
}


@inproceedings{raimbault2017applied,
  title={An Applied Knowledge Framework to Study Complex Systems},
  author={Raimbault, Juste},
  booktitle={Complex Systems Design \& Management},
  pages={31--45},
  year={2017}
}

@phdthesis{raimbault2018caracterisation,
  title={Caract{\'e}risation et mod{\'e}lisation de la co-{\'e}volution des r{\'e}seaux de transport et des territoires},
  author={Raimbault, Juste},
  year={2018},
  school={Universit{\'e} Paris 7 Denis Diderot}
}

@article{tahamtan2018core,
  title={Core elements in the process of citing publications: Conceptual overview of the literature},
  author={Tahamtan, Iman and Bornmann, Lutz},
  journal={Journal of Informetrics},
  volume={12},
  number={1},
  pages={203--216},
  year={2018},
  publisher={Elsevier}
}


@article{rucker2012network,
  title={Network meta-analysis, electrical networks and graph theory},
  author={R{\"u}cker, Gerta},
  journal={Research synthesis methods},
  volume={3},
  number={4},
  pages={312--324},
  year={2012},
  publisher={Wiley Online Library}
}

