%% This BibTeX bibliography file was created using BibDesk.
%% http://bibdesk.sourceforge.net/

%% Created for Juste Raimbault at 2017-10-10 18:09:14 +0200 


%% Saved with string encoding Unicode (UTF-8) 



@article{jun2005formation,
	Author = {Jun, Joseph K and H{\"u}bler, Alfred H},
	Date-Added = {2017-10-10 13:14:27 +0000},
	Date-Modified = {2017-10-10 13:14:27 +0000},
	Journal = {Proceedings of the National Academy of Sciences of the United States of America},
	Number = {3},
	Pages = {536--540},
	Publisher = {National Acad Sciences},
	Title = {Formation and structure of ramified charge transportation networks in an electromechanical system},
	Volume = {102},
	Year = {2005}}
