
@article{pumain1997pour,
	Author = {Pumain, Denise},
	Journal = {Espace g{\'e}ographique},
	Number = {2},
	Pages = {119--134},
	Title = {Pour une th{\'e}orie {\'e}volutive des villes},
	Volume = {26},
	Year = {1997}}



@article{le2015modeling,
	Author = {Le N{\'e}chet, Florent and Raimbault, Juste},
	Journal = {Plurimondi. An International Forum for Research and Debate on Human Settlements},
	Number = {15},
	Title = {Modeling the emergence of metropolitan transport autorithy in a polycentric urban region},
	Volume = {7},
	Year = {2015}}
