%% This BibTeX bibliography file was created using BibDesk.
%% http://bibdesk.sourceforge.net/


%% Created for Juste Raimbault at 2016-08-22 22:02:34 +0200 


%% Saved with string encoding Occidental (ISO Latin 1) 




@Article{giachetta2018global,
  author    = {Giachetta, Emanuele and Willett, Sean D.},
  title     = {A global dataset of river network geometry},
  journal   = {Scientific Data},
  year      = {2018},
  volume    = {5},
  pages     = {180127},
  month     = jul,
  publisher = {The Author(s)},
  url       = {http://dx.doi.org/10.1038/sdata.2018.127},
  file={Biblio/Docs/sdata2018127.pdf}
}



@article{10.1371/journal.pone.0102007,
	Abstract = {<p>Subway systems span most large cities, and railway networks most countries in the world. These networks are fundamental in the development of countries and their cities, and it is therefore crucial to understand their formation and evolution. However, if the topological properties of these networks are fairly well understood, how they relate to population and socio-economical properties remains an open question. We propose here a general coarse-grained approach, based on a cost-benefit analysis that accounts for the scaling properties of the main quantities characterizing these systems (the number of stations, the total length, and the ridership) with the substrate's population, area and wealth. More precisely, we show that the length, number of stations and ridership of subways and rail networks can be estimated knowing the area, population and wealth of the underlying region. These predictions are in good agreement with data gathered for about <inline-formula><inline-graphic xmlns:xlink="http://www.w3.org/1999/xlink" xlink:href="info:doi/10.1371/journal.pone.0102007.e001" xlink:type="simple"></inline-graphic></inline-formula> subway systems and more than <inline-formula><inline-graphic xmlns:xlink="http://www.w3.org/1999/xlink" xlink:href="info:doi/10.1371/journal.pone.0102007.e002" xlink:type="simple"></inline-graphic></inline-formula> railway networks in the world. We also show that train networks and subway systems can be described within the same framework, but with a fundamental difference: while the interstation distance seems to be constant and determined by the typical walking distance for subways, the interstation distance for railways scales with the number of stations.</p>},
	Author = {Louf, R{\'e}mi AND Roth, Camille AND Barthelemy, Marc},
	Date-Added = {2016-08-22 18:47:32 +0000},
	Date-Modified = {2016-08-22 18:47:32 +0000},
	Doi = {10.1371/journal.pone.0102007},
	Journal = {PLoS ONE},
	Month = {07},
	Number = {7},
	Pages = {e102007},
	Publisher = {Public Library of Science},
	Title = {Scaling in Transportation Networks},
	Url = {http://dx.doi.org/10.1371%2Fjournal.pone.0102007},
	Volume = {9},
	Year = {2014},
	Bdsk-File-1 = {YnBsaXN0MDDUAQIDBAUGJCVYJHZlcnNpb25YJG9iamVjdHNZJGFyY2hpdmVyVCR0b3ASAAGGoKgHCBMUFRYaIVUkbnVsbNMJCgsMDxJXTlMua2V5c1pOUy5vYmplY3RzViRjbGFzc6INDoACgAOiEBGABIAFgAdccmVsYXRpdmVQYXRoWWFsaWFzRGF0YV8QWy4uLy4uLy4uL0JpYmxpby9Eb2NzL05ldHdvcmtBbmFseXNpcy9TY2FsaW5nVHJhbnNwb3J0YXRpb25OZXR3b3Jrc19qb3VybmFsLnBvbmUuMDEwMjAwNy5wZGbSFwsYGVdOUy5kYXRhTxEClAAAAAAClAACAAAMTWFjaW50b3NoIEhEAAAAAAAAAAAAAAAAAAAAykEGDEgrAAACdqCZH1NjYWxpbmdUcmFuc3BvcnRhdGkjMjc2QUIwOS5wZGYAAAAAAAAAAAAAAAAAAAAAAAAAAAAAAAAAAAAAAAAAAAJ2qwnRhRdsAAAAAAAAAAAAAwAEAAAJIAAAAAAAAAAAAAAAAAAAAA9OZXR3b3JrQW5hbHlzaXMAABAACAAAykDp7AAAABEACAAA0YT7TAAAAAEAIAJ2oJkCMXfZAiH5GQIh+RAAkMIpAAUCFQAFAhQAAL7sAAIAgU1hY2ludG9zaCBIRDpVc2VyczoASnVzdGU6AERvY3VtZW50czoAQ29tcGxleFN5c3RlbXM6AENpdHlOZXR3b3JrOgBCaWJsaW86AERvY3M6AE5ldHdvcmtBbmFseXNpczoAU2NhbGluZ1RyYW5zcG9ydGF0aSMyNzZBQjA5LnBkZgAADgBuADYAUwBjAGEAbABpAG4AZwBUAHIAYQBuAHMAcABvAHIAdABhAHQAaQBvAG4ATgBlAHQAdwBvAHIAawBzAF8AagBvAHUAcgBuAGEAbAAuAHAAbwBuAGUALgAwADEAMAAyADAAMAA3AC4AcABkAGYADwAaAAwATQBhAGMAaQBuAHQAbwBzAGgAIABIAEQAEgCDVXNlcnMvSnVzdGUvRG9jdW1lbnRzL0NvbXBsZXhTeXN0ZW1zL0NpdHlOZXR3b3JrL0JpYmxpby9Eb2NzL05ldHdvcmtBbmFseXNpcy9TY2FsaW5nVHJhbnNwb3J0YXRpb25OZXR3b3Jrc19qb3VybmFsLnBvbmUuMDEwMjAwNy5wZGYAABMAAS8AABUAAgAM//8AAIAG0hscHR5aJGNsYXNzbmFtZVgkY2xhc3Nlc11OU011dGFibGVEYXRhox0fIFZOU0RhdGFYTlNPYmplY3TSGxwiI1xOU0RpY3Rpb25hcnmiIiBfEA9OU0tleWVkQXJjaGl2ZXLRJidUcm9vdIABAAgAEQAaACMALQAyADcAQABGAE0AVQBgAGcAagBsAG4AcQBzAHUAdwCEAI4A7ADxAPkDkQOTA5gDowOsA7oDvgPFA84D0wPgA+MD9QP4A/0AAAAAAAACAQAAAAAAAAAoAAAAAAAAAAAAAAAAAAAD/w==},
	Bdsk-File-2 = {YnBsaXN0MDDUAQIDBAUGJCVYJHZlcnNpb25YJG9iamVjdHNZJGFyY2hpdmVyVCR0b3ASAAGGoKgHCBMUFRYaIVUkbnVsbNMJCgsMDxJXTlMua2V5c1pOUy5vYmplY3RzViRjbGFzc6INDoACgAOiEBGABIAFgAdccmVsYXRpdmVQYXRoWWFsaWFzRGF0YV8QPS4uLy4uLy4uL0JpYmxpby9Eb2NzL05ldHdvcmtBbmFseXNpcy9qb3VybmFsLnBvbmUuMDEwMjAwNy5wZGbSFwsYGVdOUy5kYXRhTxECMgAAAAACMgACAAAMTWFjaW50b3NoIEhEAAAAAAAAAAAAAAAAAAAAykEGDEgrAAACdqCZGGpvdXJuYWwucG9uZS4wMTAyMDA3LnBkZgAAAAAAAAAAAAAAAAAAAAAAAAAAAAAAAAAAAAAAAAAAAAAAAAAAAAIChgfQgDFKAAAAAAAAAAAAAwAEAAAJIAAAAAAAAAAAAAAAAAAAAA9OZXR3b3JrQW5hbHlzaXMAABAACAAAykDp7AAAABEACAAA0IAjOgAAAAEAIAJ2oJkCMXfZAiH5GQIh+RAAkMIpAAUCFQAFAhQAAL7sAAIAek1hY2ludG9zaCBIRDpVc2VyczoASnVzdGU6AERvY3VtZW50czoAQ29tcGxleFN5c3RlbXM6AENpdHlOZXR3b3JrOgBCaWJsaW86AERvY3M6AE5ldHdvcmtBbmFseXNpczoAam91cm5hbC5wb25lLjAxMDIwMDcucGRmAA4AMgAYAGoAbwB1AHIAbgBhAGwALgBwAG8AbgBlAC4AMAAxADAAMgAwADAANwAuAHAAZABmAA8AGgAMAE0AYQBjAGkAbgB0AG8AcwBoACAASABEABIAZVVzZXJzL0p1c3RlL0RvY3VtZW50cy9Db21wbGV4U3lzdGVtcy9DaXR5TmV0d29yay9CaWJsaW8vRG9jcy9OZXR3b3JrQW5hbHlzaXMvam91cm5hbC5wb25lLjAxMDIwMDcucGRmAAATAAEvAAAVAAIADP//AACABtIbHB0eWiRjbGFzc25hbWVYJGNsYXNzZXNdTlNNdXRhYmxlRGF0YaMdHyBWTlNEYXRhWE5TT2JqZWN00hscIiNcTlNEaWN0aW9uYXJ5oiIgXxAPTlNLZXllZEFyY2hpdmVy0SYnVHJvb3SAAQAIABEAGgAjAC0AMgA3AEAARgBNAFUAYABnAGoAbABuAHEAcwB1AHcAhACOAM4A0wDbAxEDEwMYAyMDLAM6Az4DRQNOA1MDYANjA3UDeAN9AAAAAAAAAgEAAAAAAAAAKAAAAAAAAAAAAAAAAAAAA38=},
	Bdsk-Url-1 = {http://dx.doi.org/10.1371%2Fjournal.pone.0102007},
	Bdsk-Url-2 = {http://dx.doi.org/10.1371/journal.pone.0102007}}

@article{louf2014typology,
	Author = {Louf, R{\'e}mi and Barthelemy, Marc},
	Date-Added = {2016-08-22 18:47:32 +0000},
	Date-Modified = {2016-08-22 18:47:32 +0000},
	Journal = {Journal of The Royal Society Interface},
	Number = {101},
	Pages = {20140924},
	Publisher = {The Royal Society},
	Title = {A typology of street patterns},
	Volume = {11},
	Year = {2014},
	Bdsk-File-1 = {YnBsaXN0MDDUAQIDBAUGJCVYJHZlcnNpb25YJG9iamVjdHNZJGFyY2hpdmVyVCR0b3ASAAGGoKgHCBMUFRYaIVUkbnVsbNMJCgsMDxJXTlMua2V5c1pOUy5vYmplY3RzViRjbGFzc6INDoACgAOiEBGABIAFgAdccmVsYXRpdmVQYXRoWWFsaWFzRGF0YV8QTS4uLy4uLy4uL0JpYmxpby9Eb2NzL05ldHdvcmtBbmFseXNpcy9UeXBvbG9neVN0cmVldFBhdHRlcm5zXzIwMTQwOTI0LmZ1bGwucGRm0hcLGBlXTlMuZGF0YU8RAmoAAAAAAmoAAgAADE1hY2ludG9zaCBIRAAAAAAAAAAAAAAAAAAAAMpBBgxIKwAAAnagmR9UeXBvbG9neVN0cmVldFBhdHRlIzQyMTA1MTUucGRmAAAAAAAAAAAAAAAAAAAAAAAAAAAAAAAAAAAAAAAAAAAEIQUV0v0LAQAAAAAAAAAAAAMABAAACSAAAAAAAAAAAAAAAAAAAAAPTmV0d29ya0FuYWx5c2lzAAAQAAgAAMpA6ewAAAARAAgAANL8/PEAAAABACACdqCZAjF32QIh+RkCIfkQAJDCKQAFAhUABQIUAAC+7AACAIFNYWNpbnRvc2ggSEQ6VXNlcnM6AEp1c3RlOgBEb2N1bWVudHM6AENvbXBsZXhTeXN0ZW1zOgBDaXR5TmV0d29yazoAQmlibGlvOgBEb2NzOgBOZXR3b3JrQW5hbHlzaXM6AFR5cG9sb2d5U3RyZWV0UGF0dGUjNDIxMDUxNS5wZGYAAA4AUgAoAFQAeQBwAG8AbABvAGcAeQBTAHQAcgBlAGUAdABQAGEAdAB0AGUAcgBuAHMAXwAyADAAMQA0ADAAOQAyADQALgBmAHUAbABsAC4AcABkAGYADwAaAAwATQBhAGMAaQBuAHQAbwBzAGgAIABIAEQAEgB1VXNlcnMvSnVzdGUvRG9jdW1lbnRzL0NvbXBsZXhTeXN0ZW1zL0NpdHlOZXR3b3JrL0JpYmxpby9Eb2NzL05ldHdvcmtBbmFseXNpcy9UeXBvbG9neVN0cmVldFBhdHRlcm5zXzIwMTQwOTI0LmZ1bGwucGRmAAATAAEvAAAVAAIADP//AACABtIbHB0eWiRjbGFzc25hbWVYJGNsYXNzZXNdTlNNdXRhYmxlRGF0YaMdHyBWTlNEYXRhWE5TT2JqZWN00hscIiNcTlNEaWN0aW9uYXJ5oiIgXxAPTlNLZXllZEFyY2hpdmVy0SYnVHJvb3SAAQAIABEAGgAjAC0AMgA3AEAARgBNAFUAYABnAGoAbABuAHEAcwB1AHcAhACOAN4A4wDrA1kDWwNgA2sDdAOCA4YDjQOWA5sDqAOrA70DwAPFAAAAAAAAAgEAAAAAAAAAKAAAAAAAAAAAAAAAAAAAA8c=}}
