%% This BibTeX bibliography file was created using BibDesk.
%% http://bibdesk.sourceforge.net/

%% Created for Juste Raimbault at 2017-09-08 19:18:15 +0200 


%% Saved with string encoding Unicode (UTF-8) 



@inproceedings{raimbault2017identification,
	Author = {Raimbault, Juste},
	Booktitle = {Proceedings of SAGEO 2017},
	Date-Added = {2017-09-08 17:17:10 +0000},
	Date-Modified = {2017-09-08 17:17:57 +0000},
	Title = {Identification de causalites dans des donnees spatio-temporelles},
	Year = {2017}}

@article{migozzi2010rugby,
  title={Le rugby en Afrique du Sud face au d{\'e}fi de transformation: jeu de pouvoir, outil de d{\'e}veloppement et force symbolique},
  author={Migozzi, Julien},
  journal={Les Cahiers d'Outre Mer},
  number={2},
  pages={253--274},
  year={2010},
  publisher={Presses univ. de Bordeaux}
}
