@misc{pumain2017book,
  title={Urban Dynamics and Simulation Models},
  author={Pumain, Denise and Reuillon, Romain},
  year={2017},
  publisher={Springer}
}


@article{chavalarias2009french,
  title={French roadmap for complex systems 2008-2009},
  author={Chavalarias, David and Bourgine, Paul and Perrier, Edith and Amblard, Fr{\'e}deric and Arlabosse, Fran{\c{c}}ois and Auger, Pierre and Baillon, Jean-Bernard and Barreteau, Olivier and Baudot, Pierre and Bouchaud, Elisabeth and others},
  year={2009}
}

@book{giere2010scientific,
  title={Scientific perspectivism},
  author={Giere, Ronald N},
  year={2010},
  publisher={University of Chicago Press}
}


@article{livet2010ontology,
  title={Ontology, a mediator for agent-based modeling in social science},
  author={Livet, Pierre and Muller, Jean-Pierre and Phan, Denis and Sanders, Lena},
  journal={Journal of Artificial Societies and Social Simulation},
  volume={13},
  number={1},
  pages={3},
  year={2010}
}



@inproceedings{raimbault2016cautious,
  title={For a Cautious Use of Big Data and Computation},
  author={Raimbault, Juste},
  booktitle={Royal Geographical Society-Annual Conference 2016-Session: Geocomputation, the Next 20 Years (1)},
  year={2016}
}



@incollection{pumain2017urban,
  title={Is Urban Future Predictable?},
  author={Pumain, Denise and Reuillon, Romain},
  booktitle={Urban Dynamics and Simulation Models},
  pages={1--19},
  year={2017},
  publisher={Springer}
}



@misc{batty2012smart,
  title={Smart cities, big data},
  author={Batty, Michael},
  year={2012},
  publisher={SAGE Publications}
}



