


@article{raimbault2018co,
  title={Co-evolution and morphogenetic systems},
  author={Raimbault, Juste},
  journal={arXiv preprint arXiv:1803.11457},
  year={2018}
}


@phdthesis{mimeur:tel-01451164,
	Author = {Mimeur, Christophe},
	Month = Dec,
	School = {{Universit{\'e} de Bourgogne Franche-Comt{\'e}}},
	Title = {{The traces of speed between space and network}},
	Year = {2016}}



@article{gallotti2014anatomy,
	Author = {Gallotti, Riccardo and Barthelemy, Marc},
	Journal = {Scientific reports},
	Title = {Anatomy and efficiency of urban multimodal mobility},
	Volume = {4},
	Year = {2014}}


@article{pumain1986fichier,
  title={Le Fichier de l'Ined:" urbanisation de la France"},
  author={Pumain, Denise and Riandey, Beno{\^\i}t},
  journal={Espace Populations Soci{\'e}t{\'e}s},
  volume={11},
  number={2},
  pages={269--278},
  year={1986}
}


@article{liao2017ouverture,
	Author = {Liao, Liao and Gaudin, Jean Pierre},
	Journal = {Cybergeo: European Journal of Geography},
	Title = {L'ouverture au march{\'e} en Chine (ann{\'e}es 1980-2000) et le d{\'e}veloppement {\'e}conomique local: une forme de gouvernance multi-niveaux?},
	Year = {2017}}



@inproceedings{raimbault2018multi,
  title={Multi-modeling the morphogenesis of transportation networks},
  author={Raimbault, Juste},
  booktitle={Artificial Life Conference Proceedings},
  pages={382--383},
  year={2018},
  organization={MIT Press}
}



@article{louf2013emergence,
	Author = {Louf, R{\'e}mi and Jensen, Pablo and Barthelemy, Marc},
	Journal = {Proceedings of the National Academy of Sciences},
	Number = {22},
	Pages = {8824--8829},
	Title = {Emergence of hierarchy in cost-driven growth of spatial networks},
	Volume = {110},
	Year = {2013}}



@article{tero2010rules,
	Author = {Tero, Atsushi and Takagi, Seiji and Saigusa, Tetsu and Ito, Kentaro and Bebber, Dan P. and Fricker, Mark D. and Yumiki, Kenji and Kobayashi, Ryo and Nakagaki, Toshiyuki},
	Journal = {Science},
	Number = {5964},
	Pages = {439-442},
	Title = {Rules for Biologically Inspired Adaptive Network Design},
	Volume = {327},
	Year = {2010}}



@inproceedings{raimbault2016generation,
  title={G{\'e}n{\'e}ration de donn{\'e}es synth{\'e}tiques corr{\'e}l{\'e}es},
  author={Raimbault, Juste},
  booktitle={Rochebrune 2016, Journ{\'e}es d'Etude sur les Syst{\`e}mes Complexes Naturels et Artificiels},
  year={2016}
}

@article{raimbault2018urban,
  title={An Urban Morphogenesis Model Capturing Interactions between Networks and Territories},
  author={Raimbault, Juste},
  journal={Forthcoming in Mathematics of Urban Morphogenesis, D'acci L., ed., Springer Birkhauser Mathematics. arXiv:1805.05195},
  year={2018}
}


@article{raimbault2018calibration,
  title={Calibration of a density-based model of urban morphogenesis},
  author={Raimbault, Juste},
  journal={PloS one},
  volume={13},
  number={9},
  pages={e0203516},
  year={2018},
  publisher={Public Library of Science}
}


@article{thevenin2013mapping,
	Author = {Th{\'e}venin, Thomas and Schwartz, Robert and Sapet, Lo{\"\i}c},
	Journal = {Historical Methods: A Journal of Quantitative and Interdisciplinary History},
	Number = {3},
	Pages = {134--143},
	Title = {Mapping the Distortions in Time and Space: The French Railway Network 1830--1930},
	Volume = {46},
	Year = {2013}}



@article{raimbault2018unveiling,
  title={Unveiling co-evolutionary patterns in systems of cities: a systematic exploration of the SimpopNet model},
  author={Raimbault, Juste},
  journal={Forthcoming in Theories and Models of Urbanization, Pumain D., ed. arXiv:1809.00861},
  year={2018}
}


@article{raimbault2018modeling,
  title={Modeling the co-evolution of cities and networks},
  author={Raimbault, Juste},
  journal={Forthcoming in Handbook of Cities and Networks, Niel Z., Rozenblat C., eds. arXiv:1804.09430},
  year={2018}
}

@incollection{pumain2012multi,
	Author = {Pumain, Denise},
	Booktitle = {Agent-based models of geographical systems},
	Pages = {721--738},
	Publisher = {Springer},
	Title = {Multi-agent system modelling for urban systems: The series of SIMPOP models},
	Year = {2012}}




@article{pumain1997pour,
	Author = {Pumain, Denise},
	Journal = {Espace g{\'e}ographique},
	Number = {2},
	Pages = {119--134},
	Title = {Pour une th{\'e}orie {\'e}volutive des villes},
	Volume = {26},
	Year = {1997}}




@article{strauss2005toward,
	Author = {Strauss, Sharon Y and Sahli, Heather and Conner, Jeffrey K},
	Journal = {New Phytologist},
	Number = {1},
	Pages = {81--90},
	Title = {Toward a more trait-centered approach to diffuse (co) evolution},
	Volume = {165},
	Year = {2005}}




@article{raffestin1988reperes,
	Author = {Raffestin, Claude},
	Journal = {Cahier/Groupe R{\'e}seaux},
	Number = {7},
	Pages = {2--22},
	Title = {Rep{\`e}res pour une th{\'e}orie de la territorialit{\'e} humaine},
	Volume = {3},
	Year = {1987}}




@incollection{pumain2018evolutionary,
	Author = {Pumain, Denise},
	Booktitle = {International and Transnational Perspectives on Urban Systems},
	Pages = {3--18},
	Publisher = {Springer},
	Title = {An Evolutionary Theory of Urban Systems},
	Year = {2018}}



@article{raimbault2017models,
  title={Models coupling urban growth and transportation network growth: An algorithmic systematic review approach},
  author={Raimbault, Juste},
  journal={Plurimondi},
  volume={17},
  year={2017}
}



@inproceedings{raimbault2017invisible,
  title={Invisible Bridges? Scientific landscapes around similar objects studied from Economics and Geography perspectives},
  author={Raimbault, Juste},
  booktitle={20th European Colloquium in Theoretical and Quantitative Geography 2017},
  year={2017}
}

@book{epstein1996growing,
	Author = {Epstein, Joshua M and Axtell, Robert},
	Publisher = {Brookings Institution Press},
	Title = {Growing artificial societies: social science from the bottom up},
	Year = {1996}}



@book{bavoux2005geographie,
	Author = {Bavoux, Jean-Jacques and Beaucire, Francis and Chapelon, Laurent and Zembri, Pierre},
	Publisher = {Paris: Armand Colin},
	Title = {G{\'e}ographie des transports},
	Year = {2005}}



@phdthesis{raimbault2018caracterisation,
  title={Caract{\'e}risation et mod{\'e}lisation de la co-{\'e}volution des r{\'e}seaux de transport et des territoires},
  author={Raimbault, Juste},
  year={2018},
  school={Universit{\'e} Paris 7 Denis Diderot}
}




@inproceedings{dupuy1987vers,
	Author = {Dupuy, Gabriel},
	Booktitle = {Annales de G{\'e}ographie},
	Organization = {JSTOR},
	Pages = {658--679},
	Title = {Vers une th{\'e}orie territoriale des r{\'e}seaux: une application au transport urbain},
	Year = {1987}}




@book{holland2012signals,
	Author = {Holland, John H},
	Publisher = {MIT Press},
	Title = {Signals and boundaries: Building blocks for complex adaptive systems},
	Year = {2012}}



@phdthesis{paulus2004coevolution,
	Author = {Paulus, Fabien},
	School = {Universit{\'e} Panth{\'e}on-Sorbonne-Paris I},
	Title = {Co{\'e}volution dans les syst{\`e}mes de villes: croissance et sp{\'e}cialisation des aires urbaines fran{\c{c}}aises de 1950 {\`a} 2000},
	Year = {2004}}



@article{kallis2007coevolution,
	Author = {Kallis, Giorgos},
	Journal = {Ecological Economics},
	Number = {1},
	Pages = {1--6},
	Title = {When is it coevolution?},
	Volume = {62},
	Year = {2007}}




@article{colletis2010co,
	Author = {Colletis, Gabriel},
	Journal = {Revue d'{\'E}conomie R{\'e}gionale \& Urbaine},
	Number = {2},
	Pages = {235--249},
	Title = {Co-{\'e}volution des territoires et de la technologie: une perspective institutionnaliste},
	Year = {2010}}



@article{doi:10.1080/00343400802662658,
	Author = {Anne L. J. Ter Wal and Ron Boschma},
	Journal = {Regional Studies},
	Number = {7},
	Pages = {919-933},
	Title = {Co-evolution of Firms, Industries and Networks in Space},
	Volume = {45},
	Year = {2011}}


@article{schamp201020,
	Author = {Schamp, Eike W},
	Journal = {The handbook of evolutionary economic geography},
	Pages = {432},
	Title = {20 On the notion of co-evolution in economic geography},
	Year = {2010}}




@book{nelson2009evolutionary,
	Author = {Nelson, Richard R and Winter, Sidney G},
	Publisher = {Harvard University Press},
	Title = {An evolutionary theory of economic change},
	Year = {2009}}



@article{tolio2010species,
	Author = {Tolio, T and Ceglarek, Darek and ElMaraghy, HA and Fischer, A and Hu, SJ and Laperri{\`e}re, L and Newman, Stephen T and V{\'a}ncza, J{\'o}zsef},
	Journal = {CIRP Annals-Manufacturing Technology},
	Number = {2},
	Pages = {672--693},
	Title = {SPECIES---Co-evolution of products, processes and production systems},
	Volume = {59},
	Year = {2010}}


@article{volberda2003co,
	Author = {Volberda, Henk W and Lewin, Arie Y},
	Journal = {Journal of management studies},
	Number = {8},
	Pages = {2111--2136},
	Title = {Co-evolutionary dynamics within and between firms: From evolution to co-evolution},
	Volume = {40},
	Year = {2003}}



@article{bull2000meme,
	Author = {Bull, Larry and Holland, Owen and Blackmore, Susan},
	Journal = {Artificial life},
	Number = {3},
	Pages = {227--235},
	Title = {On meme--gene coevolution},
	Volume = {6},
	Year = {2000}}


@inproceedings{carrignon2015modelling,
	Author = {Carrignon, Simon and Montanier, Jean-Marc and Rubio-Campillo, Xavier},
	Booktitle = {Winter Simulation Conference (WSC), 2015},
	Organization = {IEEE},
	Pages = {3949--3960},
	Title = {Modelling the co-evolution of trade and culture in past societies},
	Year = {2015}}




@article{Mesoudi25072017,
	Author = {Mesoudi, Alex},
	Journal = {Proceedings of the National Academy of Sciences},
	Number = {30},
	Pages = {7853-7860},
	Title = {Pursuing Darwin's curious parallel: Prospects for a science of cultural evolution},
	Volume = {114},
	Year = {2017}}



@article{janzen1980coevolution,
	Author = {Janzen, Daniel H},
	Journal = {Evolution},
	Number = {3},
	Pages = {611--612},
	Title = {When is it coevolution},
	Volume = {34},
	Year = {1980}}



@book{durham1991coevolution,
	Author = {Durham, William H},
	Publisher = {Stanford University Press},
	Title = {Coevolution: Genes, culture, and human diversity},
	Year = {1991}}


@inproceedings{raimbault2017identification,
  title={Identification de causalit{\'e}s dans des donn{\'e}es spatio-temporelles},
  author={Raimbault, Juste},
  booktitle={Spatial Analysis and GEOmatics 2017},
  year={2017}
}


@article{raimbault2018indirect,
  title={Indirect evidence of network effects in a system of cities},
  author={Raimbault, Juste},
  journal={Environment and Planning B: Urban Analytics and City Science},
  pages={2399808318774335},
  year={2018},
  publisher={SAGE Publications Sage UK: London, England}
}


@article{rozenblat2018conclusion,
  title={Conclusion: Toward a Methodology for Multi-scalar Urban System Policies},
  author={Rozenblat, Celine and Pumain, Denise},
  journal={International and Transnational Perspectives on Urban Systems},
  pages={385},
  year={2018},
  publisher={Springer}
}


@inproceedings{raimbault2017applied,
	Author = {Raimbault, Juste},
	Booktitle = {Complex Systems Design \& Management},
	Pages = {31--45},
	Title = {An Applied Knowledge Framework to Study Complex Systems},
	Year = {2017}}


@inproceedings{lenechet:halshs-01272236,
	Address = {Bari, Italy},
	Author = {Le N{\'e}chet, Florent and Raimbault, Juste},
	Booktitle = {{European Colloquium on Theoretical and Quantitative Geography}},
	Month = Sep,
	Title = {{Modeling the emergence of metropolitan transport authority in a polycentric urban region}},
	Year = {2015}}


@article{le2015forme,
	Author = {Le N{\'e}chet, Florent},
	Journal = {Cybergeo: European Journal of Geography},
	Title = {De la forme urbaine {\`a} la structure m{\'e}tropolitaine: une typologie de la configuration interne des densit{\'e}s pour les principales m{\'e}tropoles europ{\'e}ennes de l'Audit Urbain},
	Year = {2015}}



@article{reuillon2013openmole,
	Author = {Reuillon, Romain and Leclaire, Mathieu and Rey-Coyrehourcq, Sebastien},
	Journal = {Future Generation Computer Systems},
	Number = {8},
	Pages = {1981--1990},
	Title = {OpenMOLE, a workflow engine specifically tailored for the distributed exploration of simulation models},
	Volume = {29},
	Year = {2013}}


@book{doursat2012morphogenetic,
	Author = {Doursat, Ren{\'e} and Sayama, Hiroki and Michel, Olivier},
	Publisher = {Springer},
	Title = {Morphogenetic engineering: toward programmable complex systems},
	Year = {2012}}



@inproceedings{raimbault2014hybrid,
	Author = {Raimbault, Juste and Banos, Arnaud and Doursat, Ren{\'e}},
	Booktitle = {4th International Conference on Complex Systems and Applications (ICCSA 2014)},
	Pages = {51--60},
	Title = {A Hybrid Network/Grid Model of Urban Morphogenesis and Optimization},
	Year = {2014}}




@book{pumain2017urban,
	Author = {Pumain, Denise and Reuillon, Romain},
	Publisher = {Springer International},
	Title = {Urban Dynamics and Simulation Models},
	Year = {2017}}



@article{banos2013pour,
	Author = {Banos, Arnaud},
	Journal = {HDR. Universit{\'e} Paris},
	Title = {Pour des pratiques de mod{\'e}lisation et de simulation lib{\'e}r{\'e}es en G{\'e}ographies et SHS},
	Volume = {1},
	Year = {2013}}




@article{espacegeo2014effets,
	Author = {Offner, Jean-Marc and Beaucire, Francis and Delaplace, Marie and Fr{\'e}mont, Armand and Ninot, Olivier and Bretagnolle, Anne and Pumain, Denise},
	Journal = {Espace Geographique},
	Number = {42},
	Pages = {p--51},
	Title = {Les effets structurants des infrastructures de transport},
	Year = {2014}}


@phdthesis{bretagnolle:tel-00459720,
	Author = {Bretagnolle, Anne},
	Month = Jun,
	School = {Universit{\'e} Panth{\'e}on-Sorbonne - Paris I},
	Title = {{Villes et r{\'e}seaux de transport : des interactions dans la longue dur{\'e}e, France, Europe, {\'E}tats-Unis}},
	Type = {HDR},
	Year = {2009}}


@article{offner1993effets,
	Author = {Offner, Jean-Marc},
	Journal = {Espace g{\'e}ographique},
	Number = {3},
	Pages = {233--242},
	Title = {Les "effets structurants" du transport: mythe politique, mystification scientifique},
	Volume = {22},
	Year = {1993}}


@article{pumain1997pour,
	Author = {Pumain, Denise},
	Journal = {Espace g{\'e}ographique},
	Number = {2},
	Pages = {119--134},
	Title = {Pour une th{\'e}orie {\'e}volutive des villes},
	Volume = {26},
	Year = {1997}}




@article{baptistemodeling,
	Author = {Baptiste, Herv{\'e}},
	Journal = {Graphs and Networks: Multilevel Modeling, Second Edition},
	Pages = {67--89},
	Title = {Modeling the Evolution of a Transport System and its Impacts on a French Urban System},
	Year = {2010}}



@phdthesis{schmitt2014modelisation,
	Author = {Schmitt, Clara},
	School = {Paris 1},
	Title = {Mod{\'e}lisation de la dynamique des syst{\`e}mes de peuplement: de SimpopLocal {\`a} SimpopNet.},
	Year = {2014}}


