% This file was created with JabRef 2.9.2.
% Encoding: UTF-8

@PHDTHESIS{Ada2007,
  author = {Adam, Carole},
  title = {Emotions: from psychological theories to logical formalization and
	implementation in a {BDI} agent},
  school = {INP},
  year = {2007},
  address = {Toulouse, France},
  month = Jul
}

@INPROCEEDINGS{adh12,
  author = {Adhitya, Sara AND Kuuskankare, Mika},
  title = {{SUM: from Image-based Sonification to Computeraided Composition}},
  booktitle = {{CMMR, London}},
  year = {2012},
  owner = {josselin},
  timestamp = {2014.05.16}
}

@BOOK{and06,
  title = {{Exploratory Analysis of Spatial and Temporal Data: A Systematic Approach}},
  publisher = {Springer Verlag},
  year = {2006},
  author = {Andrienko, N. AND Andrienko, G.},
  owner = {josselin},
  timestamp = {2014.05.16}
}

@BOOK{newton,
  title = {Opticks},
  author = {Newton, Isaac},
  year = {1704}
}

@BOOK{castel,
  title = {L'Optique des couleurs},
  author = {Castel, Louis-Bertrand},
  year = {1740}
}