
@article{arnaud2013grand,
  title={Le Grand Paris et lâ€™axe Seine},
  author={Arnaud, Brennetot and Bussi, Michel and Guermond, Yves},
  journal={M{\'e}tropoles},
  number={13},
  year={2013}
}


@article{abercrombie1977concepts,
  title={Concepts in morphogenesis},
  author={Abercrombie, Michael},
  journal={Proceedings of the Royal Society of London B: Biological Sciences},
  volume={199},
  number={1136},
  pages={337--344},
  year={1977},
  publisher={The Royal Society}
}


