%% This BibTeX bibliography file was created using BibDesk.
%% http://bibdesk.sourceforge.net/


%% Created for Juste Raimbault at 2013-10-23 19:35:14 +0200 


%% Saved with string encoding Occidental (ISO Latin 1) 



@book{portugali1996construction,
	Author = {Portugali, Juval},
	Date-Added = {2013-10-14 09:06:28 +0000},
	Date-Modified = {2013-10-14 09:06:28 +0000},
	Publisher = {Springer},
	Title = {The construction of cognitive maps},
	Volume = {32},
	Year = {1996},
	Bdsk-File-1 = {YnBsaXN0MDDUAQIDBAUGJCVYJHZlcnNpb25YJG9iamVjdHNZJGFyY2hpdmVyVCR0b3ASAAGGoKgHCBMUFRYaIVUkbnVsbNMJCgsMDRBWJGNsYXNzV05TLmtleXNaTlMub2JqZWN0c4AHog4PgAKAA6IREoAEgAVccmVsYXRpdmVQYXRoWWFsaWFzRGF0YV8QIERvY3MvUG9ydHVnYWxpX0NvZ25pdGl2ZU1hcHMucGRm0gkXGBlXTlMuZGF0YYAGTxECAAAAAAACAAACAAAMTWFjaW50b3NoIEhEAAAAAAAAAAAAAAAAAAAAykEGDEgrAAABKBN3G1BvcnR1Z2FsaV9Db2duaXRpdmVNYXBzLnBkZgAAAAAAAAAAAAAAAAAAAAAAAAAAAAAAAAAAAAAAAAAAAAAAAAEpZR/OgYB6AAAAAAAAAAAAAQADAAAJIAAAAAAAAAAAAAAAAAAAAAREb2NzABAACAAAykDp7AAAABEACAAAzoFkWgAAAAEAHAEoE3cBKBN1ASgTcQCQwikABQIVAAUCFAAAvuwAAgBmTWFjaW50b3NoIEhEOlVzZXJzOgBKdXN0ZToARG9jdW1lbnRzOgBDb21wbGV4U3lzdGVtczoAQ0NVUEQ6AEJpYmxpbzoARG9jczoAUG9ydHVnYWxpX0NvZ25pdGl2ZU1hcHMucGRmAA4AOAAbAFAAbwByAHQAdQBnAGEAbABpAF8AQwBvAGcAbgBpAHQAaQB2AGUATQBhAHAAcwAuAHAAZABmAA8AGgAMAE0AYQBjAGkAbgB0AG8AcwBoACAASABEABIAUlVzZXJzL0p1c3RlL0RvY3VtZW50cy9Db21wbGV4U3lzdGVtcy9DQ1VQRC9CaWJsaW8vRG9jcy9Qb3J0dWdhbGlfQ29nbml0aXZlTWFwcy5wZGYAEwABLwAAFQACAAz//wAA0hscHR5aJGNsYXNzbmFtZVgkY2xhc3Nlc11OU011dGFibGVEYXRhox0fIFZOU0RhdGFYTlNPYmplY3TSGxwiI1xOU0RpY3Rpb25hcnmiIiBfEA9OU0tleWVkQXJjaGl2ZXLRJidUcm9vdIABAAgAEQAaACMALQAyADcAQABGAE0AVABcAGcAaQBsAG4AcABzAHUAdwCEAI4AsQC2AL4AwALEAskC1ALdAusC7wL2Av8DBAMRAxQDJgMpAy4AAAAAAAACAQAAAAAAAAAoAAAAAAAAAAAAAAAAAAADMA==}}

@book{portugali2011complexity,
	Author = {Portugali, Juval},
	Date-Added = {2013-10-14 08:54:20 +0000},
	Date-Modified = {2013-10-14 08:54:20 +0000},
	Publisher = {Springer},
	Title = {Complexity, cognition and the city},
	Year = {2011},
	Bdsk-File-1 = {YnBsaXN0MDDUAQIDBAUGJCVYJHZlcnNpb25YJG9iamVjdHNZJGFyY2hpdmVyVCR0b3ASAAGGoKgHCBMUFRYaIVUkbnVsbNMJCgsMDRBWJGNsYXNzV05TLmtleXNaTlMub2JqZWN0c4AHog4PgAKAA6IREoAEgAVccmVsYXRpdmVQYXRoWWFsaWFzRGF0YV8QN0RvY3MvQ29tcGxleGl0eUNvZ25pdGlvbkNpdHlib2slM0E5NzgtMy02NDItMTk0NTEtMS5wZGbSCRcYGVdOUy5kYXRhgAZPEQJKAAAAAAJKAAIAAAxNYWNpbnRvc2ggSEQAAAAAAAAAAAAAAAAAAADKQQYMSCsAAAEoE3cfQ29tcGxleGl0eUNvZ25pdGlvbiMxMjgxQjE5LnBkZgAAAAAAAAAAAAAAAAAAAAAAAAAAAAAAAAAAAAAAAAAAASgbGc5/ClQAAAAAAAAAAAABAAMAAAkgAAAAAAAAAAAAAAAAAAAABERvY3MAEAAIAADKQOnsAAAAEQAIAADOfu40AAAAAQAcASgTdwEoE3UBKBNxAJDCKQAFAhUABQIUAAC+7AACAGpNYWNpbnRvc2ggSEQ6VXNlcnM6AEp1c3RlOgBEb2N1bWVudHM6AENvbXBsZXhTeXN0ZW1zOgBDQ1VQRDoAQmlibGlvOgBEb2NzOgBDb21wbGV4aXR5Q29nbml0aW9uIzEyODFCMTkucGRmAA4AZgAyAEMAbwBtAHAAbABlAHgAaQB0AHkAQwBvAGcAbgBpAHQAaQBvAG4AQwBpAHQAeQBiAG8AawAlADMAQQA5ADcAOAAtADMALQA2ADQAMgAtADEAOQA0ADUAMQAtADEALgBwAGQAZgAPABoADABNAGEAYwBpAG4AdABvAHMAaAAgAEgARAASAGlVc2Vycy9KdXN0ZS9Eb2N1bWVudHMvQ29tcGxleFN5c3RlbXMvQ0NVUEQvQmlibGlvL0RvY3MvQ29tcGxleGl0eUNvZ25pdGlvbkNpdHlib2slM0E5NzgtMy02NDItMTk0NTEtMS5wZGYAABMAAS8AABUAAgAM//8AANIbHB0eWiRjbGFzc25hbWVYJGNsYXNzZXNdTlNNdXRhYmxlRGF0YaMdHyBWTlNEYXRhWE5TT2JqZWN00hscIiNcTlNEaWN0aW9uYXJ5oiIgXxAPTlNLZXllZEFyY2hpdmVy0SYnVHJvb3SAAQAIABEAGgAjAC0AMgA3AEAARgBNAFQAXABnAGkAbABuAHAAcwB1AHcAhACOAMgAzQDVANcDJQMqAzUDPgNMA1ADVwNgA2UDcgN1A4cDigOPAAAAAAAAAgEAAAAAAAAAKAAAAAAAAAAAAAAAAAAAA5E=}}

@article{kelso1984phase,
	Author = {Kelso, JA},
	Date-Added = {2013-10-14 08:41:10 +0000},
	Date-Modified = {2013-10-14 08:41:10 +0000},
	Journal = {American Journal of Physiology-Regulatory, Integrative and Comparative Physiology},
	Number = {6},
	Pages = {R1000--R1004},
	Publisher = {Am Physiological Soc},
	Title = {Phase transitions and critical behavior in human bimanual coordination},
	Volume = {246},
	Year = {1984},
	Bdsk-File-1 = {YnBsaXN0MDDUAQIDBAUGJCVYJHZlcnNpb25YJG9iamVjdHNZJGFyY2hpdmVyVCR0b3ASAAGGoKgHCBMUFRYaIVUkbnVsbNMJCgsMDRBWJGNsYXNzV05TLmtleXNaTlMub2JqZWN0c4AHog4PgAKAA6IREoAEgAVccmVsYXRpdmVQYXRoWWFsaWFzRGF0YV8QJkRvY3MvS2Vsc29QaGFzZVRyYW5zaXRpb25fU1IwNzRfMDYucGRm0gkXGBlXTlMuZGF0YYAGTxECFgAAAAACFgACAAAMTWFjaW50b3NoIEhEAAAAAAAAAAAAAAAAAAAAykEGDEgrAAABKBN3H0tlbHNvUGhhc2VUcmFuc2l0aW8jMTI4RjYxMC5wZGYAAAAAAAAAAAAAAAAAAAAAAAAAAAAAAAAAAAAAAAAAAAEo9hDOgXptAAAAAAAAAAAAAQADAAAJIAAAAAAAAAAAAAAAAAAAAAREb2NzABAACAAAykDp7AAAABEACAAAzoFeTQAAAAEAHAEoE3cBKBN1ASgTcQCQwikABQIVAAUCFAAAvuwAAgBqTWFjaW50b3NoIEhEOlVzZXJzOgBKdXN0ZToARG9jdW1lbnRzOgBDb21wbGV4U3lzdGVtczoAQ0NVUEQ6AEJpYmxpbzoARG9jczoAS2Vsc29QaGFzZVRyYW5zaXRpbyMxMjhGNjEwLnBkZgAOAEQAIQBLAGUAbABzAG8AUABoAGEAcwBlAFQAcgBhAG4AcwBpAHQAaQBvAG4AXwBTAFIAMAA3ADQAXwAwADYALgBwAGQAZgAPABoADABNAGEAYwBpAG4AdABvAHMAaAAgAEgARAASAFhVc2Vycy9KdXN0ZS9Eb2N1bWVudHMvQ29tcGxleFN5c3RlbXMvQ0NVUEQvQmlibGlvL0RvY3MvS2Vsc29QaGFzZVRyYW5zaXRpb25fU1IwNzRfMDYucGRmABMAAS8AABUAAgAM//8AANIbHB0eWiRjbGFzc25hbWVYJGNsYXNzZXNdTlNNdXRhYmxlRGF0YaMdHyBWTlNEYXRhWE5TT2JqZWN00hscIiNcTlNEaWN0aW9uYXJ5oiIgXxAPTlNLZXllZEFyY2hpdmVy0SYnVHJvb3SAAQAIABEAGgAjAC0AMgA3AEAARgBNAFQAXABnAGkAbABuAHAAcwB1AHcAhACOALcAvADEAMYC4ALlAvAC+QMHAwsDEgMbAyADLQMwA0IDRQNKAAAAAAAAAgEAAAAAAAAAKAAAAAAAAAAAAAAAAAAAA0w=}}

@article{portugali2006complexity,
	Author = {Portugali, Juval},
	Date-Added = {2013-10-14 08:39:30 +0000},
	Date-Modified = {2013-10-14 08:39:30 +0000},
	Journal = {Environment and Planning A},
	Number = {4},
	Pages = {647},
	Publisher = {PION LTD 207 BRONDESBURY PARK, LONDON NW2 5JN, ENGLAND},
	Title = {Complexity theory as a link between space and place},
	Volume = {38},
	Year = {2006},
	Bdsk-File-1 = {YnBsaXN0MDDUAQIDBAUGJCVYJHZlcnNpb25YJG9iamVjdHNZJGFyY2hpdmVyVCR0b3ASAAGGoKgHCBMUFRYaIVUkbnVsbNMJCgsMDRBWJGNsYXNzV05TLmtleXNaTlMub2JqZWN0c4AHog4PgAKAA6IREoAEgAVccmVsYXRpdmVQYXRoWWFsaWFzRGF0YV8QI0RvY3MvUG9ydHVnYWxpU3BhY2VQbGFjZV9hMzcyNjAucGRm0gkXGBlXTlMuZGF0YYAGTxECDgAAAAACDgACAAAMTWFjaW50b3NoIEhEAAAAAAAAAAAAAAAAAAAAykEGDEgrAAABKBN3HlBvcnR1Z2FsaVNwYWNlUGxhY2VfYTM3MjYwLnBkZgAAAAAAAAAAAAAAAAAAAAAAAAAAAAAAAAAAAAAAAAAAAAEo9dPOgXpCAAAAAAAAAAAAAQADAAAJIAAAAAAAAAAAAAAAAAAAAAREb2NzABAACAAAykDp7AAAABEACAAAzoFeIgAAAAEAHAEoE3cBKBN1ASgTcQCQwikABQIVAAUCFAAAvuwAAgBpTWFjaW50b3NoIEhEOlVzZXJzOgBKdXN0ZToARG9jdW1lbnRzOgBDb21wbGV4U3lzdGVtczoAQ0NVUEQ6AEJpYmxpbzoARG9jczoAUG9ydHVnYWxpU3BhY2VQbGFjZV9hMzcyNjAucGRmAAAOAD4AHgBQAG8AcgB0AHUAZwBhAGwAaQBTAHAAYQBjAGUAUABsAGEAYwBlAF8AYQAzADcAMgA2ADAALgBwAGQAZgAPABoADABNAGEAYwBpAG4AdABvAHMAaAAgAEgARAASAFVVc2Vycy9KdXN0ZS9Eb2N1bWVudHMvQ29tcGxleFN5c3RlbXMvQ0NVUEQvQmlibGlvL0RvY3MvUG9ydHVnYWxpU3BhY2VQbGFjZV9hMzcyNjAucGRmAAATAAEvAAAVAAIADP//AADSGxwdHlokY2xhc3NuYW1lWCRjbGFzc2VzXU5TTXV0YWJsZURhdGGjHR8gVk5TRGF0YVhOU09iamVjdNIbHCIjXE5TRGljdGlvbmFyeaIiIF8QD05TS2V5ZWRBcmNoaXZlctEmJ1Ryb290gAEACAARABoAIwAtADIANwBAAEYATQBUAFwAZwBpAGwAbgBwAHMAdQB3AIQAjgC0ALkAwQDDAtUC2gLlAu4C/AMAAwcDEAMVAyIDJQM3AzoDPwAAAAAAAAIBAAAAAAAAACgAAAAAAAAAAAAAAAAAAANB}}

@article{haken2003face,
	Author = {Haken, Herman and Portugali, Juval},
	Date-Added = {2013-10-12 09:27:12 +0000},
	Date-Modified = {2013-10-12 09:27:12 +0000},
	Journal = {Journal of Environmental Psychology},
	Number = {4},
	Pages = {385--408},
	Publisher = {Elsevier},
	Title = {The face of the city is its information},
	Volume = {23},
	Year = {2003},
	Bdsk-File-1 = {YnBsaXN0MDDUAQIDBAUGJCVYJHZlcnNpb25YJG9iamVjdHNZJGFyY2hpdmVyVCR0b3ASAAGGoKgHCBMUFRYaIVUkbnVsbNMJCgsMDRBWJGNsYXNzV05TLmtleXNaTlMub2JqZWN0c4AHog4PgAKAA6IREoAEgAVccmVsYXRpdmVQYXRoWWFsaWFzRGF0YV8QJkRvY3MvMS1zMi4wLVMwMjcyNDk0NDAzMDAwMDMzLW1haW4ucGRm0gkXGBlXTlMuZGF0YYAGTxECFgAAAAACFgACAAAMTWFjaW50b3NoIEhEAAAAAAAAAAAAAAAAAAAAykEGDEgrAAABKBN3HzEtczIuMC1TMDI3MjQ5NDQwMzAjMTI4MTM1Ri5wZGYAAAAAAAAAAAAAAAAAAAAAAAAAAAAAAAAAAAAAAAAAAAEoE1/OfuKWAAAAAAAAAAAAAQADAAAJIAAAAAAAAAAAAAAAAAAAAAREb2NzABAACAAAykDp7AAAABEACAAAzn7GdgAAAAEAHAEoE3cBKBN1ASgTcQCQwikABQIVAAUCFAAAvuwAAgBqTWFjaW50b3NoIEhEOlVzZXJzOgBKdXN0ZToARG9jdW1lbnRzOgBDb21wbGV4U3lzdGVtczoAQ0NVUEQ6AEJpYmxpbzoARG9jczoAMS1zMi4wLVMwMjcyNDk0NDAzMCMxMjgxMzVGLnBkZgAOAEQAIQAxAC0AcwAyAC4AMAAtAFMAMAAyADcAMgA0ADkANAA0ADAAMwAwADAAMAAwADMAMwAtAG0AYQBpAG4ALgBwAGQAZgAPABoADABNAGEAYwBpAG4AdABvAHMAaAAgAEgARAASAFhVc2Vycy9KdXN0ZS9Eb2N1bWVudHMvQ29tcGxleFN5c3RlbXMvQ0NVUEQvQmlibGlvL0RvY3MvMS1zMi4wLVMwMjcyNDk0NDAzMDAwMDMzLW1haW4ucGRmABMAAS8AABUAAgAM//8AANIbHB0eWiRjbGFzc25hbWVYJGNsYXNzZXNdTlNNdXRhYmxlRGF0YaMdHyBWTlNEYXRhWE5TT2JqZWN00hscIiNcTlNEaWN0aW9uYXJ5oiIgXxAPTlNLZXllZEFyY2hpdmVy0SYnVHJvb3SAAQAIABEAGgAjAC0AMgA3AEAARgBNAFQAXABnAGkAbABuAHAAcwB1AHcAhACOALcAvADEAMYC4ALlAvAC+QMHAwsDEgMbAyADLQMwA0IDRQNKAAAAAAAAAgEAAAAAAAAAKAAAAAAAAAAAAAAAAAAAA0w=}}
