%% This BibTeX bibliography file was created using BibDesk.
%% http://bibdesk.sourceforge.net/


%% Created for Juste Raimbault at 2014-07-18 09:34:31 +0200 


%% Saved with string encoding Occidental (ISO Latin 1) 



@article{chavalarias2005nobel,
	Author = {Chavalarias, David and Charron, Sylvain and De Gardelle, Vincent Roger and Bourgine, Paul and others},
	Date-Added = {2014-07-18 07:34:23 +0000},
	Date-Modified = {2014-07-18 07:34:23 +0000},
	Title = {Nobel, Le Jeu De La Decouverte Scientifique},
	Year = {2005},
	Bdsk-File-1 = {YnBsaXN0MDDUAQIDBAUGJCVYJHZlcnNpb25YJG9iamVjdHNZJGFyY2hpdmVyVCR0b3ASAAGGoKgHCBMUFRYaIVUkbnVsbNMJCgsMDRBWJGNsYXNzV05TLmtleXNaTlMub2JqZWN0c4AHog4PgAKAA6IREoAEgAVccmVsYXRpdmVQYXRoWWFsaWFzRGF0YV8QH0RvY3MvQ2hhdmFsYXJpYXNFdEFsMDVOb2JlbC5wZGbSCRcYGVdOUy5kYXRhgAZPEQIoAAAAAAIoAAIAAAxNYWNpbnRvc2ggSEQAAAAAAAAAAAAAAAAAAADKQQYMSCsAAAHWuUwaQ2hhdmFsYXJpYXNFdEFsMDVOb2JlbC5wZGYAAAAAAAAAAAAAAAAAAAAAAAAAAAAAAAAAAAAAAAAAAAAAAAAAAdieh8/umeQAAAAAAAAAAAABAAMAAAkgAAAAAAAAAAAAAAAAAAAABERvY3MAEAAIAADKQOnsAAAAEQAIAADP7n3EAAAAAQAgAda5TAHWuUoBjZW7AXjUVACQwikABQIVAAUCFAAAvuwAAgB5TWFjaW50b3NoIEhEOlVzZXJzOgBKdXN0ZToARG9jdW1lbnRzOgBDb21wbGV4U3lzdGVtczoATWlzYzoARHluYW1pdGVTU2Nob29sMjAxNDoAQmlibGlvOgBEb2NzOgBDaGF2YWxhcmlhc0V0QWwwNU5vYmVsLnBkZgAADgA2ABoAQwBoAGEAdgBhAGwAYQByAGkAYQBzAEUAdABBAGwAMAA1AE4AbwBiAGUAbAAuAHAAZABmAA8AGgAMAE0AYQBjAGkAbgB0AG8AcwBoACAASABEABIAZFVzZXJzL0p1c3RlL0RvY3VtZW50cy9Db21wbGV4U3lzdGVtcy9NaXNjL0R5bmFtaXRlU1NjaG9vbDIwMTQvQmlibGlvL0RvY3MvQ2hhdmFsYXJpYXNFdEFsMDVOb2JlbC5wZGYAEwABLwAAFQACAAz//wAA0hscHR5aJGNsYXNzbmFtZVgkY2xhc3Nlc11OU011dGFibGVEYXRhox0fIFZOU0RhdGFYTlNPYmplY3TSGxwiI1xOU0RpY3Rpb25hcnmiIiBfEA9OU0tleWVkQXJjaGl2ZXLRJidUcm9vdIABAAgAEQAaACMALQAyADcAQABGAE0AVABcAGcAaQBsAG4AcABzAHUAdwCEAI4AsAC1AL0AvwLrAvAC+wMEAxIDFgMdAyYDKwM4AzsDTQNQA1UAAAAAAAACAQAAAAAAAAAoAAAAAAAAAAAAAAAAAAADVw==}}

@article{kohler2008neolithic,
	Author = {Kohler, Timothy A and Glaude, Matt Pier and Bocquet-Appel, Jean-Pierre and Kemp, Brian M},
	Date-Added = {2014-07-18 07:27:08 +0000},
	Date-Modified = {2014-07-18 07:27:08 +0000},
	Journal = {American Antiquity},
	Pages = {645--669},
	Publisher = {JSTOR},
	Title = {The Neolithic demographic transition in the US Southwest},
	Year = {2008},
	Bdsk-File-1 = {YnBsaXN0MDDUAQIDBAUGJCVYJHZlcnNpb25YJG9iamVjdHNZJGFyY2hpdmVyVCR0b3ASAAGGoKgHCBMUFRYaIVUkbnVsbNMJCgsMDRBWJGNsYXNzV05TLmtleXNaTlMub2JqZWN0c4AHog4PgAKAA6IREoAEgAVccmVsYXRpdmVQYXRoWWFsaWFzRGF0YV8QJURvY3MvQVEgNzMoNCkgS29obGVyIGV0IGFsIFNXIE5EVC5wZGbSCRcYGVdOUy5kYXRhgAZPEQI+AAAAAAI+AAIAAAxNYWNpbnRvc2ggSEQAAAAAAAAAAAAAAAAAAADKQQYMSCsAAAHWuUwfQVEgNzMoNCkgS29obGVyIGV0ICMxRDg5MzVFLnBkZgAAAAAAAAAAAAAAAAAAAAAAAAAAAAAAAAAAAAAAAAAAAdiTXs/umPoAAAAAAAAAAAABAAMAAAkgAAAAAAAAAAAAAAAAAAAABERvY3MAEAAIAADKQOnsAAAAEQAIAADP7nzaAAAAAQAgAda5TAHWuUoBjZW7AXjUVACQwikABQIVAAUCFAAAvuwAAgB+TWFjaW50b3NoIEhEOlVzZXJzOgBKdXN0ZToARG9jdW1lbnRzOgBDb21wbGV4U3lzdGVtczoATWlzYzoARHluYW1pdGVTU2Nob29sMjAxNDoAQmlibGlvOgBEb2NzOgBBUSA3Myg0KSBLb2hsZXIgZXQgIzFEODkzNUUucGRmAA4AQgAgAEEAUQAgADcAMwAoADQAKQAgAEsAbwBoAGwAZQByACAAZQB0ACAAYQBsACAAUwBXACAATgBEAFQALgBwAGQAZgAPABoADABNAGEAYwBpAG4AdABvAHMAaAAgAEgARAASAGpVc2Vycy9KdXN0ZS9Eb2N1bWVudHMvQ29tcGxleFN5c3RlbXMvTWlzYy9EeW5hbWl0ZVNTY2hvb2wyMDE0L0JpYmxpby9Eb2NzL0FRIDczKDQpIEtvaGxlciBldCBhbCBTVyBORFQucGRmABMAAS8AABUAAgAM//8AANIbHB0eWiRjbGFzc25hbWVYJGNsYXNzZXNdTlNNdXRhYmxlRGF0YaMdHyBWTlNEYXRhWE5TT2JqZWN00hscIiNcTlNEaWN0aW9uYXJ5oiIgXxAPTlNLZXllZEFyY2hpdmVy0SYnVHJvb3SAAQAIABEAGgAjAC0AMgA3AEAARgBNAFQAXABnAGkAbABuAHAAcwB1AHcAhACOALYAuwDDAMUDBwMMAxcDIAMuAzIDOQNCA0cDVANXA2kDbANxAAAAAAAAAgEAAAAAAAAAKAAAAAAAAAAAAAAAAAAAA3M=}}

@article{parrott2012future,
	Author = {Parrott, Lael and Meyer, Wayne S},
	Date-Added = {2014-07-17 12:24:30 +0000},
	Date-Modified = {2014-07-17 12:24:30 +0000},
	Journal = {Frontiers in Ecology and the Environment},
	Number = {7},
	Pages = {382--389},
	Publisher = {Eco Soc America},
	Title = {Future landscapes: managing within complexity},
	Volume = {10},
	Year = {2012},
	Bdsk-File-1 = {YnBsaXN0MDDUAQIDBAUGJCVYJHZlcnNpb25YJG9iamVjdHNZJGFyY2hpdmVyVCR0b3ASAAGGoKgHCBMUFRYaIVUkbnVsbNMJCgsMDRBWJGNsYXNzV05TLmtleXNaTlMub2JqZWN0c4AHog4PgAKAA6IREoAEgAVccmVsYXRpdmVQYXRoWWFsaWFzRGF0YV8QK0RvY3MvTWFuYWdpbmdXaXRoaW5Db21wbGV4aXR5X2hkbF83MzkzOS5wZGbSCRcYGVdOUy5kYXRhgAZPEQJQAAAAAAJQAAIAAAxNYWNpbnRvc2ggSEQAAAAAAAAAAAAAAAAAAADKQQYMSCsAAAHWuUwfTWFuYWdpbmdXaXRoaW5Db21wbCMxRDg2NTM5LnBkZgAAAAAAAAAAAAAAAAAAAAAAAAAAAAAAAAAAAAAAAAAAAdhlOc/tjNIAAAAAAAAAAAABAAMAAAkgAAAAAAAAAAAAAAAAAAAABERvY3MAEAAIAADKQOnsAAAAEQAIAADP7XCyAAAAAQAgAda5TAHWuUoBjZW7AXjUVACQwikABQIVAAUCFAAAvuwAAgB+TWFjaW50b3NoIEhEOlVzZXJzOgBKdXN0ZToARG9jdW1lbnRzOgBDb21wbGV4U3lzdGVtczoATWlzYzoARHluYW1pdGVTU2Nob29sMjAxNDoAQmlibGlvOgBEb2NzOgBNYW5hZ2luZ1dpdGhpbkNvbXBsIzFEODY1MzkucGRmAA4ATgAmAE0AYQBuAGEAZwBpAG4AZwBXAGkAdABoAGkAbgBDAG8AbQBwAGwAZQB4AGkAdAB5AF8AaABkAGwAXwA3ADMAOQAzADkALgBwAGQAZgAPABoADABNAGEAYwBpAG4AdABvAHMAaAAgAEgARAASAHBVc2Vycy9KdXN0ZS9Eb2N1bWVudHMvQ29tcGxleFN5c3RlbXMvTWlzYy9EeW5hbWl0ZVNTY2hvb2wyMDE0L0JpYmxpby9Eb2NzL01hbmFnaW5nV2l0aGluQ29tcGxleGl0eV9oZGxfNzM5MzkucGRmABMAAS8AABUAAgAM//8AANIbHB0eWiRjbGFzc25hbWVYJGNsYXNzZXNdTlNNdXRhYmxlRGF0YaMdHyBWTlNEYXRhWE5TT2JqZWN00hscIiNcTlNEaWN0aW9uYXJ5oiIgXxAPTlNLZXllZEFyY2hpdmVy0SYnVHJvb3SAAQAIABEAGgAjAC0AMgA3AEAARgBNAFQAXABnAGkAbABuAHAAcwB1AHcAhACOALwAwQDJAMsDHwMkAy8DOANGA0oDUQNaA18DbANvA4EDhAOJAAAAAAAAAgEAAAAAAAAAKAAAAAAAAAAAAAAAAAAAA4s=}}

@article{parrott2002complexity,
	Author = {Parrott, Lael},
	Date-Added = {2014-07-17 12:15:15 +0000},
	Date-Modified = {2014-07-17 12:15:15 +0000},
	Journal = {TRANSACTIONS-AMERICAN SOCIETY OF AGRICULTURAL ENGINEERS},
	Number = {5},
	Pages = {1697--1702},
	Publisher = {ASAE AMERICAN SOCIETY OF AGRICULTURAL},
	Title = {Complexity and the limits of ecological engineering},
	Volume = {45},
	Year = {2002},
	Bdsk-File-1 = {YnBsaXN0MDDUAQIDBAUGJCVYJHZlcnNpb25YJG9iamVjdHNZJGFyY2hpdmVyVCR0b3ASAAGGoKgHCBMUFRYaIVUkbnVsbNMJCgsMDRBWJGNsYXNzV05TLmtleXNaTlMub2JqZWN0c4AHog4PgAKAA6IREoAEgAVccmVsYXRpdmVQYXRoWWFsaWFzRGF0YV8QEkRvY3MvYmUzNGZpbmFsLnBkZtIJFxgZV05TLmRhdGGABk8RAfQAAAAAAfQAAgAADE1hY2ludG9zaCBIRAAAAAAAAAAAAAAAAAAAAMpBBgxIKwAAAda5TA1iZTM0ZmluYWwucGRmAAAAAAAAAAAAAAAAAAAAAAAAAAAAAAAAAAAAAAAAAAAAAAAAAAAAAAAAAAAAAAAAAAAB2F2Mz+2KywAAAAAAAAAAAAEAAwAACSAAAAAAAAAAAAAAAAAAAAAERG9jcwAQAAgAAMpA6ewAAAARAAgAAM/tbqsAAAABACAB1rlMAda5SgGNlbsBeNRUAJDCKQAFAhUABQIUAAC+7AACAGxNYWNpbnRvc2ggSEQ6VXNlcnM6AEp1c3RlOgBEb2N1bWVudHM6AENvbXBsZXhTeXN0ZW1zOgBNaXNjOgBEeW5hbWl0ZVNTY2hvb2wyMDE0OgBCaWJsaW86AERvY3M6AGJlMzRmaW5hbC5wZGYADgAcAA0AYgBlADMANABmAGkAbgBhAGwALgBwAGQAZgAPABoADABNAGEAYwBpAG4AdABvAHMAaAAgAEgARAASAFdVc2Vycy9KdXN0ZS9Eb2N1bWVudHMvQ29tcGxleFN5c3RlbXMvTWlzYy9EeW5hbWl0ZVNTY2hvb2wyMDE0L0JpYmxpby9Eb2NzL2JlMzRmaW5hbC5wZGYAABMAAS8AABUAAgAM//8AANIbHB0eWiRjbGFzc25hbWVYJGNsYXNzZXNdTlNNdXRhYmxlRGF0YaMdHyBWTlNEYXRhWE5TT2JqZWN00hscIiNcTlNEaWN0aW9uYXJ5oiIgXxAPTlNLZXllZEFyY2hpdmVy0SYnVHJvb3SAAQAIABEAGgAjAC0AMgA3AEAARgBNAFQAXABnAGkAbABuAHAAcwB1AHcAhACOAKMAqACwALICqgKvAroCwwLRAtUC3ALlAuoC9wL6AwwDDwMUAAAAAAAAAgEAAAAAAAAAKAAAAAAAAAAAAAAAAAAAAxY=}}

@article{livet2010ontology,
	Author = {Livet, Pierre and Muller, Jean-Pierre and Phan, Denis and Sanders, Lena},
	Date-Added = {2014-07-16 15:14:08 +0000},
	Date-Modified = {2014-07-16 15:14:08 +0000},
	Journal = {Journal of Artificial Societies and Social Simulation},
	Number = {1},
	Pages = {3},
	Title = {Ontology, a mediator for agent-based modeling in social science},
	Volume = {13},
	Year = {2010},
	Bdsk-File-1 = {YnBsaXN0MDDUAQIDBAUGJCVYJHZlcnNpb25YJG9iamVjdHNZJGFyY2hpdmVyVCR0b3ASAAGGoKgHCBMUFRYaIVUkbnVsbNMJCgsMDRBWJGNsYXNzV05TLmtleXNaTlMub2JqZWN0c4AHog4PgAKAA6IREoAEgAVccmVsYXRpdmVQYXRoWWFsaWFzRGF0YV8QGERvY3MvT250b2xvZ3lMaXZldF8zLnBkZtIJFxgZV05TLmRhdGGABk8RAgwAAAAAAgwAAgAADE1hY2ludG9zaCBIRAAAAAAAAAAAAAAAAAAAAMpBBgxIKwAAAda5TBNPbnRvbG9neUxpdmV0XzMucGRmAAAAAAAAAAAAAAAAAAAAAAAAAAAAAAAAAAAAAAAAAAAAAAAAAAAAAAAAAAAB2C0Iz+xjIAAAAAAAAAAAAAEAAwAACSAAAAAAAAAAAAAAAAAAAAAERG9jcwAQAAgAAMpA6ewAAAARAAgAAM/sRwAAAAABACAB1rlMAda5SgGNlbsBeNRUAJDCKQAFAhUABQIUAAC+7AACAHJNYWNpbnRvc2ggSEQ6VXNlcnM6AEp1c3RlOgBEb2N1bWVudHM6AENvbXBsZXhTeXN0ZW1zOgBNaXNjOgBEeW5hbWl0ZVNTY2hvb2wyMDE0OgBCaWJsaW86AERvY3M6AE9udG9sb2d5TGl2ZXRfMy5wZGYADgAoABMATwBuAHQAbwBsAG8AZwB5AEwAaQB2AGUAdABfADMALgBwAGQAZgAPABoADABNAGEAYwBpAG4AdABvAHMAaAAgAEgARAASAF1Vc2Vycy9KdXN0ZS9Eb2N1bWVudHMvQ29tcGxleFN5c3RlbXMvTWlzYy9EeW5hbWl0ZVNTY2hvb2wyMDE0L0JpYmxpby9Eb2NzL09udG9sb2d5TGl2ZXRfMy5wZGYAABMAAS8AABUAAgAM//8AANIbHB0eWiRjbGFzc25hbWVYJGNsYXNzZXNdTlNNdXRhYmxlRGF0YaMdHyBWTlNEYXRhWE5TT2JqZWN00hscIiNcTlNEaWN0aW9uYXJ5oiIgXxAPTlNLZXllZEFyY2hpdmVy0SYnVHJvb3SAAQAIABEAGgAjAC0AMgA3AEAARgBNAFQAXABnAGkAbABuAHAAcwB1AHcAhACOAKkArgC2ALgCyALNAtgC4QLvAvMC+gMDAwgDFQMYAyoDLQMyAAAAAAAAAgEAAAAAAAAAKAAAAAAAAAAAAAAAAAAAAzQ=}}

@article{kohler2014long,
	Author = {Kohler, Timothy A and Reese, Kelsey M},
	Date-Added = {2014-07-16 07:37:18 +0000},
	Date-Modified = {2014-07-16 07:37:18 +0000},
	Journal = {Proceedings of the National Academy of Sciences},
	Pages = {201404367},
	Publisher = {National Acad Sciences},
	Title = {Long and spatially variable Neolithic Demographic Transition in the North American Southwest},
	Year = {2014},
	Bdsk-File-1 = {YnBsaXN0MDDUAQIDBAUGJCVYJHZlcnNpb25YJG9iamVjdHNZJGFyY2hpdmVyVCR0b3ASAAGGoKgHCBMUFRYaIVUkbnVsbNMJCgsMDRBWJGNsYXNzV05TLmtleXNaTlMub2JqZWN0c4AHog4PgAKAA6IREoAEgAVccmVsYXRpdmVQYXRoWWFsaWFzRGF0YV8QOERvY3MvTmVvbGl0aGljVHJhbnNpdGlvbl9QTkFTLTIwMTQtS29obGVyLTE0MDQzNjcxMTEucGRm0gkXGBlXTlMuZGF0YYAGTxECeAAAAAACeAACAAAMTWFjaW50b3NoIEhEAAAAAAAAAAAAAAAAAAAAykEGDEgrAAAB1rlMH05lb2xpdGhpY1RyYW5zaXRpb24jMUQ4MUQ4Qy5wZGYAAAAAAAAAAAAAAAAAAAAAAAAAAAAAAAAAAAAAAAAAAAHYHYzP6/gQAAAAAAAAAAAAAQADAAAJIAAAAAAAAAAAAAAAAAAAAAREb2NzABAACAAAykDp7AAAABEACAAAz+vb8AAAAAEAIAHWuUwB1rlKAY2VuwF41FQAkMIpAAUCFQAFAhQAAL7sAAIAfk1hY2ludG9zaCBIRDpVc2VyczoASnVzdGU6AERvY3VtZW50czoAQ29tcGxleFN5c3RlbXM6AE1pc2M6AER5bmFtaXRlU1NjaG9vbDIwMTQ6AEJpYmxpbzoARG9jczoATmVvbGl0aGljVHJhbnNpdGlvbiMxRDgxRDhDLnBkZgAOAGgAMwBOAGUAbwBsAGkAdABoAGkAYwBUAHIAYQBuAHMAaQB0AGkAbwBuAF8AUABOAEEAUwAtADIAMAAxADQALQBLAG8AaABsAGUAcgAtADEANAAwADQAMwA2ADcAMQAxADEALgBwAGQAZgAPABoADABNAGEAYwBpAG4AdABvAHMAaAAgAEgARAASAH1Vc2Vycy9KdXN0ZS9Eb2N1bWVudHMvQ29tcGxleFN5c3RlbXMvTWlzYy9EeW5hbWl0ZVNTY2hvb2wyMDE0L0JpYmxpby9Eb2NzL05lb2xpdGhpY1RyYW5zaXRpb25fUE5BUy0yMDE0LUtvaGxlci0xNDA0MzY3MTExLnBkZgAAEwABLwAAFQACAAz//wAA0hscHR5aJGNsYXNzbmFtZVgkY2xhc3Nlc11OU011dGFibGVEYXRhox0fIFZOU0RhdGFYTlNPYmplY3TSGxwiI1xOU0RpY3Rpb25hcnmiIiBfEA9OU0tleWVkQXJjaGl2ZXLRJidUcm9vdIABAAgAEQAaACMALQAyADcAQABGAE0AVABcAGcAaQBsAG4AcABzAHUAdwCEAI4AyQDOANYA2ANUA1kDZANtA3sDfwOGA48DlAOhA6QDtgO5A74AAAAAAAACAQAAAAAAAAAoAAAAAAAAAAAAAAAAAAADwA==}}

@article{lu2011geographically,
	Author = {Lu, Binbin and Charlton, Martin and Fotheringhama, A Stewart},
	Date-Added = {2014-07-14 15:12:15 +0000},
	Date-Modified = {2014-07-14 15:12:15 +0000},
	Journal = {Procedia Environmental Sciences},
	Pages = {92--97},
	Publisher = {Elsevier},
	Title = {Geographically weighted regression using a non-Euclidean distance metric with a study on London house price data},
	Volume = {7},
	Year = {2011},
	Bdsk-File-1 = {YnBsaXN0MDDUAQIDBAUGJCVYJHZlcnNpb25YJG9iamVjdHNZJGFyY2hpdmVyVCR0b3ASAAGGoKgHCBMUFRYaIVUkbnVsbNMJCgsMDRBWJGNsYXNzV05TLmtleXNaTlMub2JqZWN0c4AHog4PgAKAA6IREoAEgAVccmVsYXRpdmVQYXRoWWFsaWFzRGF0YV8QNkRvY3MvR1dSTm9uRXVjbGlkaWFuXzEtczIuMC1TMTg3ODAyOTYxMTAwMTQ0Ny1tYWluLnBkZtIJFxgZV05TLmRhdGGABk8RAnIAAAAAAnIAAgAADE1hY2ludG9zaCBIRAAAAAAAAAAAAAAAAAAAAMpBBgxIKwAAAda5TB9HV1JOb25FdWNsaWRpYW5fMS1zIzFENzFDRjMucGRmAAAAAAAAAAAAAAAAAAAAAAAAAAAAAAAAAAAAAAAAAAAB1xzzz+m/0wAAAAAAAAAAAAEAAwAACSAAAAAAAAAAAAAAAAAAAAAERG9jcwAQAAgAAMpA6ewAAAARAAgAAM/po7MAAAABACAB1rlMAda5SgGNlbsBeNRUAJDCKQAFAhUABQIUAAC+7AACAH5NYWNpbnRvc2ggSEQ6VXNlcnM6AEp1c3RlOgBEb2N1bWVudHM6AENvbXBsZXhTeXN0ZW1zOgBNaXNjOgBEeW5hbWl0ZVNTY2hvb2wyMDE0OgBCaWJsaW86AERvY3M6AEdXUk5vbkV1Y2xpZGlhbl8xLXMjMUQ3MUNGMy5wZGYADgBkADEARwBXAFIATgBvAG4ARQB1AGMAbABpAGQAaQBhAG4AXwAxAC0AcwAyAC4AMAAtAFMAMQA4ADcAOAAwADIAOQA2ADEAMQAwADAAMQA0ADQANwAtAG0AYQBpAG4ALgBwAGQAZgAPABoADABNAGEAYwBpAG4AdABvAHMAaAAgAEgARAASAHtVc2Vycy9KdXN0ZS9Eb2N1bWVudHMvQ29tcGxleFN5c3RlbXMvTWlzYy9EeW5hbWl0ZVNTY2hvb2wyMDE0L0JpYmxpby9Eb2NzL0dXUk5vbkV1Y2xpZGlhbl8xLXMyLjAtUzE4NzgwMjk2MTEwMDE0NDctbWFpbi5wZGYAABMAAS8AABUAAgAM//8AANIbHB0eWiRjbGFzc25hbWVYJGNsYXNzZXNdTlNNdXRhYmxlRGF0YaMdHyBWTlNEYXRhWE5TT2JqZWN00hscIiNcTlNEaWN0aW9uYXJ5oiIgXxAPTlNLZXllZEFyY2hpdmVy0SYnVHJvb3SAAQAIABEAGgAjAC0AMgA3AEAARgBNAFQAXABnAGkAbABuAHAAcwB1AHcAhACOAMcAzADUANYDTANRA1wDZQNzA3cDfgOHA4wDmQOcA64DsQO2AAAAAAAAAgEAAAAAAAAAKAAAAAAAAAAAAAAAAAAAA7g=}}

@article{lu2013package,
	Author = {Lu, Binbin and Harris, Paul and Gollini, Isabella and Charlton, Martin and Brunsdon, Chris and Lu, Maintainer Binbin},
	Date-Added = {2014-07-14 14:41:42 +0000},
	Date-Modified = {2014-07-14 14:41:42 +0000},
	Title = {Package `GWmodel'},
	Year = {2013},
	Bdsk-File-1 = {YnBsaXN0MDDUAQIDBAUGJCVYJHZlcnNpb25YJG9iamVjdHNZJGFyY2hpdmVyVCR0b3ASAAGGoKgHCBMUFRYaIVUkbnVsbNMJCgsMDRBWJGNsYXNzV05TLmtleXNaTlMub2JqZWN0c4AHog4PgAKAA6IREoAEgAVccmVsYXRpdmVQYXRoWWFsaWFzRGF0YV8QEERvY3MvR1dtb2RlbC5wZGbSCRcYGVdOUy5kYXRhgAZPEQHsAAAAAAHsAAIAAAxNYWNpbnRvc2ggSEQAAAAAAAAAAAAAAAAAAADKQQYMSCsAAAHWuUwLR1dtb2RlbC5wZGYAAAAAAAAAAAAAAAAAAAAAAAAAAAAAAAAAAAAAAAAAAAAAAAAAAAAAAAAAAAAAAAAAAAAAAdcFEc/puLcAAAAAAAAAAAABAAMAAAkgAAAAAAAAAAAAAAAAAAAABERvY3MAEAAIAADKQOnsAAAAEQAIAADP6ZyXAAAAAQAgAda5TAHWuUoBjZW7AXjUVACQwikABQIVAAUCFAAAvuwAAgBqTWFjaW50b3NoIEhEOlVzZXJzOgBKdXN0ZToARG9jdW1lbnRzOgBDb21wbGV4U3lzdGVtczoATWlzYzoARHluYW1pdGVTU2Nob29sMjAxNDoAQmlibGlvOgBEb2NzOgBHV21vZGVsLnBkZgAOABgACwBHAFcAbQBvAGQAZQBsAC4AcABkAGYADwAaAAwATQBhAGMAaQBuAHQAbwBzAGgAIABIAEQAEgBVVXNlcnMvSnVzdGUvRG9jdW1lbnRzL0NvbXBsZXhTeXN0ZW1zL01pc2MvRHluYW1pdGVTU2Nob29sMjAxNC9CaWJsaW8vRG9jcy9HV21vZGVsLnBkZgAAEwABLwAAFQACAAz//wAA0hscHR5aJGNsYXNzbmFtZVgkY2xhc3Nlc11OU011dGFibGVEYXRhox0fIFZOU0RhdGFYTlNPYmplY3TSGxwiI1xOU0RpY3Rpb25hcnmiIiBfEA9OU0tleWVkQXJjaGl2ZXLRJidUcm9vdIABAAgAEQAaACMALQAyADcAQABGAE0AVABcAGcAaQBsAG4AcABzAHUAdwCEAI4AoQCmAK4AsAKgAqUCsAK5AscCywLSAtsC4ALtAvADAgMFAwoAAAAAAAACAQAAAAAAAAAoAAAAAAAAAAAAAAAAAAADDA==}}

@article{brunsdon1998geographically,
	Author = {Brunsdon, Chris and Fotheringham, Stewart and Charlton, Martin},
	Date-Added = {2014-07-14 14:41:10 +0000},
	Date-Modified = {2014-07-14 14:41:10 +0000},
	Journal = {Journal of the Royal Statistical Society: Series D (The Statistician)},
	Number = {3},
	Pages = {431--443},
	Publisher = {Wiley Online Library},
	Title = {Geographically weighted regression},
	Volume = {47},
	Year = {1998},
	Bdsk-File-1 = {YnBsaXN0MDDUAQIDBAUGJCVYJHZlcnNpb25YJG9iamVjdHNZJGFyY2hpdmVyVCR0b3ASAAGGoKgHCBMUFRYaIVUkbnVsbNMJCgsMDRBWJGNsYXNzV05TLmtleXNaTlMub2JqZWN0c4AHog4PgAKAA6IREoAEgAVccmVsYXRpdmVQYXRoWWFsaWFzRGF0YV8QTURvY3MvR2VvZ3JhcGhpY2FsbHktV2VpZ2h0ZWQtUmVncmVzc2lvbi1Nb2RlbGxpbmctU3BhdGlhbC1Ob25zdGF0aW9uYXJpdHkucGRm0gkXGBlXTlMuZGF0YYAGTxECtgAAAAACtgACAAAMTWFjaW50b3NoIEhEAAAAAAAAAAAAAAAAAAAAykEGDEgrAAAB1rlMH0dlb2dyYXBoaWNhbGx5LVdlaWcjMUQ3MDQwMi5wZGYAAAAAAAAAAAAAAAAAAAAAAAAAAAAAAAAAAAAAAAAAAAHXBALP6biGAAAAAAAAAAAAAQADAAAJIAAAAAAAAAAAAAAAAAAAAAREb2NzABAACAAAykDp7AAAABEACAAAz+mcZgAAAAEAIAHWuUwB1rlKAY2VuwF41FQAkMIpAAUCFQAFAhQAAL7sAAIAfk1hY2ludG9zaCBIRDpVc2VyczoASnVzdGU6AERvY3VtZW50czoAQ29tcGxleFN5c3RlbXM6AE1pc2M6AER5bmFtaXRlU1NjaG9vbDIwMTQ6AEJpYmxpbzoARG9jczoAR2VvZ3JhcGhpY2FsbHktV2VpZyMxRDcwNDAyLnBkZgAOAJIASABHAGUAbwBnAHIAYQBwAGgAaQBjAGEAbABsAHkALQBXAGUAaQBnAGgAdABlAGQALQBSAGUAZwByAGUAcwBzAGkAbwBuAC0ATQBvAGQAZQBsAGwAaQBuAGcALQBTAHAAYQB0AGkAYQBsAC0ATgBvAG4AcwB0AGEAdABpAG8AbgBhAHIAaQB0AHkALgBwAGQAZgAPABoADABNAGEAYwBpAG4AdABvAHMAaAAgAEgARAASAJJVc2Vycy9KdXN0ZS9Eb2N1bWVudHMvQ29tcGxleFN5c3RlbXMvTWlzYy9EeW5hbWl0ZVNTY2hvb2wyMDE0L0JpYmxpby9Eb2NzL0dlb2dyYXBoaWNhbGx5LVdlaWdodGVkLVJlZ3Jlc3Npb24tTW9kZWxsaW5nLVNwYXRpYWwtTm9uc3RhdGlvbmFyaXR5LnBkZgATAAEvAAAVAAIADP//AADSGxwdHlokY2xhc3NuYW1lWCRjbGFzc2VzXU5TTXV0YWJsZURhdGGjHR8gVk5TRGF0YVhOU09iamVjdNIbHCIjXE5TRGljdGlvbmFyeaIiIF8QD05TS2V5ZWRBcmNoaXZlctEmJ1Ryb290gAEACAARABoAIwAtADIANwBAAEYATQBUAFwAZwBpAGwAbgBwAHMAdQB3AIQAjgDeAOMA6wDtA6cDrAO3A8ADzgPSA9kD4gPnA/QD9wQJBAwEEQAAAAAAAAIBAAAAAAAAACgAAAAAAAAAAAAAAAAAAAQT}}

@article{brunsdon2006local,
	Author = {Brunsdon, Chris and Charlton, Martin},
	Date-Added = {2014-07-14 14:39:05 +0000},
	Date-Modified = {2014-07-14 14:39:05 +0000},
	Journal = {Computers, environment and urban systems},
	Number = {2},
	Pages = {130--142},
	Publisher = {Elsevier},
	Title = {Local trend statistics for directional data---A moving window approach},
	Volume = {30},
	Year = {2006},
	Bdsk-File-1 = {YnBsaXN0MDDUAQIDBAUGJCVYJHZlcnNpb25YJG9iamVjdHNZJGFyY2hpdmVyVCR0b3ASAAGGoKgHCBMUFRYaIVUkbnVsbNMJCgsMDRBWJGNsYXNzV05TLmtleXNaTlMub2JqZWN0c4AHog4PgAKAA6IREoAEgAVccmVsYXRpdmVQYXRoWWFsaWFzRGF0YV8QP0RvY3MvTW92aW5nV2luZG93RGlyZWN0ZWREYXRhXzEtczIuMC1TMDE5ODk3MTUwNTAwMDYxWC1tYWluLnBkZtIJFxgZV05TLmRhdGGABk8RAowAAAAAAowAAgAADE1hY2ludG9zaCBIRAAAAAAAAAAAAAAAAAAAAMpBBgxIKwAAAda5TB9Nb3ZpbmdXaW5kb3dEaXJlY3RlIzFENkJCQTYucGRmAAAAAAAAAAAAAAAAAAAAAAAAAAAAAAAAAAAAAAAAAAAB1rumz+mjhAAAAAAAAAAAAAEAAwAACSAAAAAAAAAAAAAAAAAAAAAERG9jcwAQAAgAAMpA6ewAAAARAAgAAM/ph2QAAAABACAB1rlMAda5SgGNlbsBeNRUAJDCKQAFAhUABQIUAAC+7AACAH5NYWNpbnRvc2ggSEQ6VXNlcnM6AEp1c3RlOgBEb2N1bWVudHM6AENvbXBsZXhTeXN0ZW1zOgBNaXNjOgBEeW5hbWl0ZVNTY2hvb2wyMDE0OgBCaWJsaW86AERvY3M6AE1vdmluZ1dpbmRvd0RpcmVjdGUjMUQ2QkJBNi5wZGYADgB2ADoATQBvAHYAaQBuAGcAVwBpAG4AZABvAHcARABpAHIAZQBjAHQAZQBkAEQAYQB0AGEAXwAxAC0AcwAyAC4AMAAtAFMAMAAxADkAOAA5ADcAMQA1ADAANQAwADAAMAA2ADEAWAAtAG0AYQBpAG4ALgBwAGQAZgAPABoADABNAGEAYwBpAG4AdABvAHMAaAAgAEgARAASAIRVc2Vycy9KdXN0ZS9Eb2N1bWVudHMvQ29tcGxleFN5c3RlbXMvTWlzYy9EeW5hbWl0ZVNTY2hvb2wyMDE0L0JpYmxpby9Eb2NzL01vdmluZ1dpbmRvd0RpcmVjdGVkRGF0YV8xLXMyLjAtUzAxOTg5NzE1MDUwMDA2MVgtbWFpbi5wZGYAEwABLwAAFQACAAz//wAA0hscHR5aJGNsYXNzbmFtZVgkY2xhc3Nlc11OU011dGFibGVEYXRhox0fIFZOU0RhdGFYTlNPYmplY3TSGxwiI1xOU0RpY3Rpb25hcnmiIiBfEA9OU0tleWVkQXJjaGl2ZXLRJidUcm9vdIABAAgAEQAaACMALQAyADcAQABGAE0AVABcAGcAaQBsAG4AcABzAHUAdwCEAI4A0ADVAN0A3wNvA3QDfwOIA5YDmgOhA6oDrwO8A78D0QPUA9kAAAAAAAACAQAAAAAAAAAoAAAAAAAAAAAAAAAAAAAD2w==}}

@article{brunsdon2002geographically,
	Author = {Brunsdon, C and Fotheringham, AS and Charlton, M},
	Date-Added = {2014-07-14 14:38:15 +0000},
	Date-Modified = {2014-07-14 14:38:15 +0000},
	Journal = {Computers, Environment and Urban Systems},
	Number = {6},
	Pages = {501--524},
	Publisher = {Elsevier},
	Title = {Geographically weighted summary statistics---a framework for localised exploratory data analysis},
	Volume = {26},
	Year = {2002},
	Bdsk-File-1 = {YnBsaXN0MDDUAQIDBAUGJCVYJHZlcnNpb25YJG9iamVjdHNZJGFyY2hpdmVyVCR0b3ASAAGGoKgHCBMUFRYaIVUkbnVsbNMJCgsMDRBWJGNsYXNzV05TLmtleXNaTlMub2JqZWN0c4AHog4PgAKAA6IREoAEgAVccmVsYXRpdmVQYXRoWWFsaWFzRGF0YV8QO0RvY3MvV2VpZ2h0ZWRTcGF0aWFsU3RhdHNfMS1zMi4wLVMwMTk4OTcxNTAxMDAwMDk2LW1haW4ucGRm0gkXGBlXTlMuZGF0YYAGTxECgAAAAAACgAACAAAMTWFjaW50b3NoIEhEAAAAAAAAAAAAAAAAAAAAykEGDEgrAAAB1rlMH1dlaWdodGVkU3BhdGlhbFN0YXQjMUQ2Qjg3NC5wZGYAAAAAAAAAAAAAAAAAAAAAAAAAAAAAAAAAAAAAAAAAAAHWuHTP6aMdAAAAAAAAAAAAAQADAAAJIAAAAAAAAAAAAAAAAAAAAAREb2NzABAACAAAykDp7AAAABEACAAAz+mG/QAAAAEAIAHWuUwB1rlKAY2VuwF41FQAkMIpAAUCFQAFAhQAAL7sAAIAfk1hY2ludG9zaCBIRDpVc2VyczoASnVzdGU6AERvY3VtZW50czoAQ29tcGxleFN5c3RlbXM6AE1pc2M6AER5bmFtaXRlU1NjaG9vbDIwMTQ6AEJpYmxpbzoARG9jczoAV2VpZ2h0ZWRTcGF0aWFsU3RhdCMxRDZCODc0LnBkZgAOAG4ANgBXAGUAaQBnAGgAdABlAGQAUwBwAGEAdABpAGEAbABTAHQAYQB0AHMAXwAxAC0AcwAyAC4AMAAtAFMAMAAxADkAOAA5ADcAMQA1ADAAMQAwADAAMAAwADkANgAtAG0AYQBpAG4ALgBwAGQAZgAPABoADABNAGEAYwBpAG4AdABvAHMAaAAgAEgARAASAIBVc2Vycy9KdXN0ZS9Eb2N1bWVudHMvQ29tcGxleFN5c3RlbXMvTWlzYy9EeW5hbWl0ZVNTY2hvb2wyMDE0L0JpYmxpby9Eb2NzL1dlaWdodGVkU3BhdGlhbFN0YXRzXzEtczIuMC1TMDE5ODk3MTUwMTAwMDA5Ni1tYWluLnBkZgATAAEvAAAVAAIADP//AADSGxwdHlokY2xhc3NuYW1lWCRjbGFzc2VzXU5TTXV0YWJsZURhdGGjHR8gVk5TRGF0YVhOU09iamVjdNIbHCIjXE5TRGljdGlvbmFyeaIiIF8QD05TS2V5ZWRBcmNoaXZlctEmJ1Ryb290gAEACAARABoAIwAtADIANwBAAEYATQBUAFwAZwBpAGwAbgBwAHMAdQB3AIQAjgDMANEA2QDbA18DZANvA3gDhgOKA5EDmgOfA6wDrwPBA8QDyQAAAAAAAAIBAAAAAAAAACgAAAAAAAAAAAAAAAAAAAPL}}

@comment{BibDesk Static Groups{
<?xml version="1.0" encoding="UTF-8"?>
<!DOCTYPE plist PUBLIC "-//Apple//DTD PLIST 1.0//EN" "http://www.apple.com/DTDs/PropertyList-1.0.dtd">
<plist version="1.0">
<array>
	<dict>
		<key>group name</key>
		<string>LandscapeComplexity</string>
		<key>keys</key>
		<string>parrott2002complexity,parrott2012future</string>
	</dict>
	<dict>
		<key>group name</key>
		<string>SpatialStatistics</string>
		<key>keys</key>
		<string>brunsdon2006local,lu2013package,brunsdon2002geographically,brunsdon1998geographically</string>
	</dict>
</array>
</plist>
}}
