%% This BibTeX bibliography file was created using BibDesk.
%% http://bibdesk.sourceforge.net/


%% Created for Juste Raimbault at 2013-11-29 19:44:48 +0100 


%% Saved with string encoding Occidental (ISO Latin 1) 



@article{henri1968droit,
	Author = {Henri, Lefebvre},
	Date-Added = {2013-11-19 14:52:50 +0000},
	Date-Modified = {2013-11-19 14:52:50 +0000},
	Journal = {Anthropos},
	Title = {Le droit {\`a} la ville},
	Year = {1968}}

@article{peeters2009space,
	Author = {Peeters, Dominique and Rounsevell, Mark},
	Date-Added = {2013-11-19 09:12:21 +0000},
	Date-Modified = {2013-11-19 09:12:30 +0000},
	Journal = {Environment and Planning B: Planning and Design},
	Pages = {968--988},
	Title = {Space time patterns of urban sprawl, a 1D cellular automata and microeconomic approach},
	Volume = {36},
	Year = {2009},
	Bdsk-File-1 = {YnBsaXN0MDDUAQIDBAUGJCVYJHZlcnNpb25YJG9iamVjdHNZJGFyY2hpdmVyVCR0b3ASAAGGoKgHCBMUFRYaIVUkbnVsbNMJCgsMDRBWJGNsYXNzV05TLmtleXNaTlMub2JqZWN0c4AHog4PgAKAA6IREoAEgAVccmVsYXRpdmVQYXRoWWFsaWFzRGF0YW8QUgAuAC4ALwAuAC4ALwAuAC4ALwAuAC4ALwBDAG8AbQBwAGwAZQB4AFMAeQBzAHQAZQBtAHMALwBCAGkAYgBsAGkAbwAvAEUAbgB2AHAAbABhAG4ALwBCAC8AVgBvAGwAdQBtAGUAMwA2AF8AMgAwADAAOQAvAFMAcABhAGMAZQCgIBMAoAB0AGkAbQBlAF8AcABhAHQAdABlAHIAbgAuAHAAZABm0gkXGBlXTlMuZGF0YYAGTxECIgAAAAACIgACAAAMTWFjaW50b3NoIEhEAAAAAAAAAAAAAAAAAAAAykEGDEgrAAAA0OFDGFNwYWNlytDKdGltZV9wYXR0ZXJuLnBkZgAAAAAAAAAAAAAAAAAAAAAAAAAAAAAAAAAAAAAAAAAAAAAAAAAAAADQ5xfNrZboAAAAAAAAAAAABAAGAAAJIAAAAAAAAAAAAAAAAAAAAA1Wb2x1bWUzNl8yMDA5AAAQAAgAAMpA6ewAAAARAAgAAM2tesgAAAABACAA0OFDANDhBADQ4QMAqZh6AJDCKQAFAhUABQIUAAC+7AACAHFNYWNpbnRvc2ggSEQ6VXNlcnM6AEp1c3RlOgBEb2N1bWVudHM6AENvbXBsZXhTeXN0ZW1zOgBCaWJsaW86AEVudnBsYW46AEI6AFZvbHVtZTM2XzIwMDk6AFNwYWNlytDKdGltZV9wYXR0ZXJuLnBkZgAADgAyABgAUwBwAGEAYwBlAKAgEwCgAHQAaQBtAGUAXwBwAGEAdAB0AGUAcgBuAC4AcABkAGYADwAaAAwATQBhAGMAaQBuAHQAbwBzAGgAIABIAEQAEgBgVXNlcnMvSnVzdGUvRG9jdW1lbnRzL0NvbXBsZXhTeXN0ZW1zL0JpYmxpby9FbnZwbGFuL0IvVm9sdW1lMzZfMjAwOS9TcGFjZcKg4oCTwqB0aW1lX3BhdHRlcm4ucGRmABMAAS8AABUAAgAM//8AANIbHB0eWiRjbGFzc25hbWVYJGNsYXNzZXNdTlNNdXRhYmxlRGF0YaMdHyBWTlNEYXRhWE5TT2JqZWN00hscIiNcTlNEaWN0aW9uYXJ5oiIgXxAPTlNLZXllZEFyY2hpdmVy0SYnVHJvb3SAAQAIABEAGgAjAC0AMgA3AEAARgBNAFQAXABnAGkAbABuAHAAcwB1AHcAhACOATUBOgFCAUQDagNvA3oDgwORA5UDnAOlA6oDtwO6A8wDzwPUAAAAAAAAAgEAAAAAAAAAKAAAAAAAAAAAAAAAAAAAA9Y=}}

@article{van2012activity,
	Author = {van Vliet, Jasper and Hurkens, Jelle and White, Roger and van Delden, Hedwig},
	Date-Added = {2013-11-19 09:05:57 +0000},
	Date-Modified = {2013-11-19 09:05:57 +0000},
	Journal = {Environment and Planning-Part B},
	Number = {2},
	Pages = {198},
	Title = {An activity-based cellular automaton model to simulate land-use dynamics},
	Volume = {39},
	Year = {2012},
	Bdsk-File-1 = {YnBsaXN0MDDUAQIDBAUGJCVYJHZlcnNpb25YJG9iamVjdHNZJGFyY2hpdmVyVCR0b3ASAAGGoKgHCBMUFRYaIVUkbnVsbNMJCgsMDRBWJGNsYXNzV05TLmtleXNaTlMub2JqZWN0c4AHog4PgAKAA6IREoAEgAVccmVsYXRpdmVQYXRoWWFsaWFzRGF0YV8QUi4uLy4uLy4uLy4uL0NvbXBsZXhTeXN0ZW1zL0JpYmxpby9FbnZwbGFuL0IvVm9sdW1lMzlfMjAxMi9Bbl9hY3Rpdml0eS1iYXNlZF9jZS5wZGbSCRcYGVdOUy5kYXRhgAZPEQIeAAAAAAIeAAIAAAxNYWNpbnRvc2ggSEQAAAAAAAAAAAAAAAAAAADKQQYMSCsAAADQ4UAYQW5fYWN0aXZpdHktYmFzZWRfY2UucGRmAAAAAAAAAAAAAAAAAAAAAAAAAAAAAAAAAAAAAAAAAAAAAAAAAAAAANDh9s2tkMkAAAAAAAAAAAAEAAYAAAkgAAAAAAAAAAAAAAAAAAAADVZvbHVtZTM5XzIwMTIAABAACAAAykDp7AAAABEACAAAza10qQAAAAEAIADQ4UAA0OEEANDhAwCpmHoAkMIpAAUCFQAFAhQAAL7sAAIAcU1hY2ludG9zaCBIRDpVc2VyczoASnVzdGU6AERvY3VtZW50czoAQ29tcGxleFN5c3RlbXM6AEJpYmxpbzoARW52cGxhbjoAQjoAVm9sdW1lMzlfMjAxMjoAQW5fYWN0aXZpdHktYmFzZWRfY2UucGRmAAAOADIAGABBAG4AXwBhAGMAdABpAHYAaQB0AHkALQBiAGEAcwBlAGQAXwBjAGUALgBwAGQAZgAPABoADABNAGEAYwBpAG4AdABvAHMAaAAgAEgARAASAFxVc2Vycy9KdXN0ZS9Eb2N1bWVudHMvQ29tcGxleFN5c3RlbXMvQmlibGlvL0VudnBsYW4vQi9Wb2x1bWUzOV8yMDEyL0FuX2FjdGl2aXR5LWJhc2VkX2NlLnBkZgATAAEvAAAVAAIADP//AADSGxwdHlokY2xhc3NuYW1lWCRjbGFzc2VzXU5TTXV0YWJsZURhdGGjHR8gVk5TRGF0YVhOU09iamVjdNIbHCIjXE5TRGljdGlvbmFyeaIiIF8QD05TS2V5ZWRBcmNoaXZlctEmJ1Ryb290gAEACAARABoAIwAtADIANwBAAEYATQBUAFwAZwBpAGwAbgBwAHMAdQB3AIQAjgDjAOgA8ADyAxQDGQMkAy0DOwM/A0YDTwNUA2EDZAN2A3kDfgAAAAAAAAIBAAAAAAAAACgAAAAAAAAAAAAAAAAAAAOA}}

@incollection{white2006modeling,
	Author = {White, Roger},
	Booktitle = {Complex artificial environments},
	Date-Added = {2013-11-19 09:04:25 +0000},
	Date-Modified = {2013-11-19 09:04:25 +0000},
	Pages = {165--177},
	Publisher = {Springer},
	Title = {Modeling multi-scale processes in a Cellular Automata framework},
	Year = {2006}}

@article{vliet2009modeling,
	Author = {Vliet, Jasper van and White, Roger and Dragicevic, Suzana},
	Date-Added = {2013-11-19 09:00:10 +0000},
	Date-Modified = {2013-11-19 09:00:10 +0000},
	Journal = {Computers, Environment and Urban Systems},
	Number = {1},
	Pages = {35--43},
	Publisher = {Elsevier},
	Title = {Modeling urban growth using a variable grid cellular automaton},
	Volume = {33},
	Year = {2009}}

@article{batty1997possible,
	Author = {Batty, Michael and Xie, Yichun},
	Date-Added = {2013-11-19 08:49:56 +0000},
	Date-Modified = {2013-11-19 08:49:56 +0000},
	Journal = {Environment and Planning B},
	Pages = {175--192},
	Publisher = {PION LTD},
	Title = {Possible urban automata},
	Volume = {24},
	Year = {1997}}

@book{portugali2012book,
	Author = {Portugali, Juval and Meyer, Han and Stolk, Egbert and Tan, Ekim},
	Date-Added = {2013-11-19 00:00:48 +0000},
	Date-Modified = {2013-11-19 00:01:04 +0000},
	Publisher = {Springer},
	Title = {Complexity theories of cities have come of age: an overview with implications to urban planning and design},
	Year = {2012}}

@article{batty1997cellular,
	Author = {Batty, Michael},
	Date-Added = {2013-11-17 21:25:45 +0000},
	Date-Modified = {2013-11-17 21:25:45 +0000},
	Journal = {Journal of the American Planning Association},
	Number = {2},
	Pages = {266--274},
	Publisher = {Taylor \& Francis},
	Title = {Cellular automata and urban form: a primer},
	Volume = {63},
	Year = {1997},
	Bdsk-File-1 = {YnBsaXN0MDDUAQIDBAUGJCVYJHZlcnNpb25YJG9iamVjdHNZJGFyY2hpdmVyVCR0b3ASAAGGoKgHCBMUFRYaIVUkbnVsbNMJCgsMDRBWJGNsYXNzV05TLmtleXNaTlMub2JqZWN0c4AHog4PgAKAA6IREoAEgAVccmVsYXRpdmVQYXRoWWFsaWFzRGF0YV8QGlByaW1lcl9iYXR0eS1qYXBhLTE5OTcucGRm0gkXGBlXTlMuZGF0YYAGTxECGAAAAAACGAACAAAMTWFjaW50b3NoIEhEAAAAAAAAAAAAAAAAAAAAykEGDEgrAAABKW0VGlByaW1lcl9iYXR0eS1qYXBhLTE5OTcucGRmAAAAAAAAAAAAAAAAAAAAAAAAAAAAAAAAAAAAAAAAAAAAAAAAAAE9X3rOrvLNAAAAAAAAAAAAAQACAAAJIAAAAAAAAAAAAAAAAAAAAAZCaWJsaW8AEAAIAADKQOnsAAAAEQAIAADOruS9AAAAAQAcASltFQEcZ04BEk6YAAY1iAAFAhUABQIUAAC+7AACAHJNYWNpbnRvc2ggSEQ6VXNlcnM6AEp1c3RlOgBEb2N1bWVudHM6AENvdXJzOgBDb21wbGV4U3lzdGVtc01hZGVTaW1wbGU6AHByb2plY3Q6AEJpYmxpbzoAUHJpbWVyX2JhdHR5LWphcGEtMTk5Ny5wZGYADgA2ABoAUAByAGkAbQBlAHIAXwBiAGEAdAB0AHkALQBqAGEAcABhAC0AMQA5ADkANwAuAHAAZABmAA8AGgAMAE0AYQBjAGkAbgB0AG8AcwBoACAASABEABIAXlVzZXJzL0p1c3RlL0RvY3VtZW50cy9Db3Vycy9Db21wbGV4U3lzdGVtc01hZGVTaW1wbGUvcHJvamVjdC9CaWJsaW8vUHJpbWVyX2JhdHR5LWphcGEtMTk5Ny5wZGYAEwABLwAAFQACAAz//wAA0hscHR5aJGNsYXNzbmFtZVgkY2xhc3Nlc11OU011dGFibGVEYXRhox0fIFZOU0RhdGFYTlNPYmplY3TSGxwiI1xOU0RpY3Rpb25hcnmiIiBfEA9OU0tleWVkQXJjaGl2ZXLRJidUcm9vdIABAAgAEQAaACMALQAyADcAQABGAE0AVABcAGcAaQBsAG4AcABzAHUAdwCEAI4AqwCwALgAugLWAtsC5gLvAv0DAQMIAxEDFgMjAyYDOAM7A0AAAAAAAAACAQAAAAAAAAAoAAAAAAAAAAAAAAAAAAADQg==}}

@article{maria2003stochastic,
	Author = {Maria de Almeida, Cl{\'a}udia and Batty, Michael and Vieira Monteiro, Antonio Miguel and C{\^a}mara, Gilberto and Soares-Filho, Britaldo Silveira and Cerqueira, Gustavo Coutinho and Pennachin, C{\'a}ssio Lopes},
	Date-Added = {2013-11-17 21:20:29 +0000},
	Date-Modified = {2013-11-17 21:20:29 +0000},
	Journal = {Computers, Environment and Urban Systems},
	Number = {5},
	Pages = {481--509},
	Publisher = {Elsevier},
	Title = {Stochastic cellular automata modeling of urban land use dynamics: empirical development and estimation},
	Volume = {27},
	Year = {2003},
	Bdsk-File-1 = {YnBsaXN0MDDUAQIDBAUGJCVYJHZlcnNpb25YJG9iamVjdHNZJGFyY2hpdmVyVCR0b3ASAAGGoKgHCBMUFRYaIVUkbnVsbNMJCgsMDRBWJGNsYXNzV05TLmtleXNaTlMub2JqZWN0c4AHog4PgAKAA6IREoAEgAVccmVsYXRpdmVQYXRoWWFsaWFzRGF0YV8QLUNhbGlicmF0aW9uQ0FMQW5kVXNlX0NsYXVkaWEgQWxtZWlkYV9DZXVzLnBkZtIJFxgZV05TLmRhdGGABk8RAlgAAAAAAlgAAgAADE1hY2ludG9zaCBIRAAAAAAAAAAAAAAAAAAAAMpBBgxIKwAAASltFR9DYWxpYnJhdGlvbkNBTEFuZFVzIzEzRDU1NDcucGRmAAAAAAAAAAAAAAAAAAAAAAAAAAAAAAAAAAAAAAAAAAABPVVHzq7xYwAAAAAAAAAAAAEAAgAACSAAAAAAAAAAAAAAAAAAAAAGQmlibGlvABAACAAAykDp7AAAABEACAAAzq7jUwAAAAEAHAEpbRUBHGdOARJOmAAGNYgABQIVAAUCFAAAvuwAAgB3TWFjaW50b3NoIEhEOlVzZXJzOgBKdXN0ZToARG9jdW1lbnRzOgBDb3VyczoAQ29tcGxleFN5c3RlbXNNYWRlU2ltcGxlOgBwcm9qZWN0OgBCaWJsaW86AENhbGlicmF0aW9uQ0FMQW5kVXMjMTNENTU0Ny5wZGYAAA4AXAAtAEMAYQBsAGkAYgByAGEAdABpAG8AbgBDAEEATABBAG4AZABVAHMAZQBfAEMAbABhAHUAZABpAGEAIABBAGwAbQBlAGkAZABhAF8AQwBlAHUAcwAuAHAAZABmAA8AGgAMAE0AYQBjAGkAbgB0AG8AcwBoACAASABEABIAcVVzZXJzL0p1c3RlL0RvY3VtZW50cy9Db3Vycy9Db21wbGV4U3lzdGVtc01hZGVTaW1wbGUvcHJvamVjdC9CaWJsaW8vQ2FsaWJyYXRpb25DQUxBbmRVc2VfQ2xhdWRpYSBBbG1laWRhX0NldXMucGRmAAATAAEvAAAVAAIADP//AADSGxwdHlokY2xhc3NuYW1lWCRjbGFzc2VzXU5TTXV0YWJsZURhdGGjHR8gVk5TRGF0YVhOU09iamVjdNIbHCIjXE5TRGljdGlvbmFyeaIiIF8QD05TS2V5ZWRBcmNoaXZlctEmJ1Ryb290gAEACAARABoAIwAtADIANwBAAEYATQBUAFwAZwBpAGwAbgBwAHMAdQB3AIQAjgC+AMMAywDNAykDLgM5A0IDUANUA1sDZANpA3YDeQOLA44DkwAAAAAAAAIBAAAAAAAAACgAAAAAAAAAAAAAAAAAAAOV}}

@book{mangin2004ville,
	Author = {Mangin, David},
	Date-Added = {2013-11-17 21:00:39 +0000},
	Date-Modified = {2013-11-17 21:00:39 +0000},
	Publisher = {{\'E}ditions de la Villette Paris},
	Title = {La ville franchis{\'e}e: formes et structures de la ville contemporaine},
	Year = {2004}}

@article{panerai1999projet,
	Author = {Panerai, Philippe and Mangin, David},
	Date-Added = {2013-11-17 21:00:04 +0000},
	Date-Modified = {2013-11-17 21:00:04 +0000},
	Publisher = {Editions Parenth{\`e}ses},
	Title = {Projet urbain},
	Year = {1999}}

@incollection{portugali2012complexity,
	Author = {Portugali, Juval},
	Booktitle = {Complexity Theories of Cities Have Come of Age},
	Date-Added = {2013-10-14 11:12:09 +0000},
	Date-Modified = {2013-10-14 11:12:09 +0000},
	Pages = {47--62},
	Publisher = {Springer},
	Title = {Complexity Theories of Cities: Achievements, criticism and potentials},
	Year = {2012}}

@article{moreno2007conception,
	Author = {Moreno, Diego and Banos, Arnaud and Badariotti, Dominique},
	Date-Added = {2013-10-14 09:59:49 +0000},
	Date-Modified = {2013-10-14 10:02:23 +0000},
	Journal = {Cybergeo: European Journal of Geography},
	Publisher = {CNRS-UMR G{\'e}ographie-cit{\'e}s 8504},
	Title = {Conception d'un automate cellulaire non stationnaire {\`a} base de graphe pour mod{\'e}liser la structure spatiale urbaine: le mod{\`e}le Remus},
	Year = {2007}}

@article{white1993cellular,
	Author = {White, Roger and Engelen, Guy},
	Date-Added = {2013-10-14 09:21:38 +0000},
	Date-Modified = {2013-10-14 09:21:38 +0000},
	Journal = {Environment and planning A},
	Number = {8},
	Pages = {1175--1199},
	Publisher = {PION LTD 207 BRONDESBURY PARK, LONDON, ENGLAND NW2 5JN},
	Title = {Cellular automata and fractal urban form: a cellular modelling approach to the evolution of urban land-use patterns},
	Volume = {25},
	Year = {1993}}

@incollection{iltanen2012cellular,
	Author = {Iltanen, Sanna},
	Booktitle = {Agent-based models of geographical systems},
	Date-Added = {2013-10-14 09:20:55 +0000},
	Date-Modified = {2013-10-14 09:20:55 +0000},
	Pages = {69--84},
	Publisher = {Springer},
	Title = {Cellular automata in urban spatial modelling},
	Year = {2012},
	Bdsk-File-1 = {YnBsaXN0MDDUAQIDBAUGJCVYJHZlcnNpb25YJG9iamVjdHNZJGFyY2hpdmVyVCR0b3ASAAGGoKgHCBMUFRYaIVUkbnVsbNMJCgsMDRBWJGNsYXNzV05TLmtleXNaTlMub2JqZWN0c4AHog4PgAKAA6IREoAEgAVccmVsYXRpdmVQYXRoWWFsaWFzRGF0YV8QQC4uLy4uLy4uLy4uL0NvbXBsZXhTeXN0ZW1zL0JpYmxpby9Eb2NzL0FCTW9kZWxpbmcvQm9va0FCTUdlby5wZGbSCRcYGVdOUy5kYXRhgAZPEQHcAAAAAAHcAAIAAAxNYWNpbnRvc2ggSEQAAAAAAAAAAAAAAAAAAADKQQYMSCsAAADGSHEOQm9va0FCTUdlby5wZGYAAAAAAAAAAAAAAAAAAAAAAAAAAAAAAAAAAAAAAAAAAAAAAAAAAAAAAAAAAAAAAAAAALZ71c1KjzMAAAAAAAAAAAAEAAUAAAkgAAAAAAAAAAAAAAAAAAAACkFCTW9kZWxpbmcAEAAIAADKQOnsAAAAEQAIAADNSoEjAAAAAQAcAMZIcQC2eMQAqZh6AJDCKQAFAhUABQIUAAC+7AACAF5NYWNpbnRvc2ggSEQ6VXNlcnM6AEp1c3RlOgBEb2N1bWVudHM6AENvbXBsZXhTeXN0ZW1zOgBCaWJsaW86AERvY3M6AEFCTW9kZWxpbmc6AEJvb2tBQk1HZW8ucGRmAA4AHgAOAEIAbwBvAGsAQQBCAE0ARwBlAG8ALgBwAGQAZgAPABoADABNAGEAYwBpAG4AdABvAHMAaAAgAEgARAASAEpVc2Vycy9KdXN0ZS9Eb2N1bWVudHMvQ29tcGxleFN5c3RlbXMvQmlibGlvL0RvY3MvQUJNb2RlbGluZy9Cb29rQUJNR2VvLnBkZgATAAEvAAAVAAIADP//AADSGxwdHlokY2xhc3NuYW1lWCRjbGFzc2VzXU5TTXV0YWJsZURhdGGjHR8gVk5TRGF0YVhOU09iamVjdNIbHCIjXE5TRGljdGlvbmFyeaIiIF8QD05TS2V5ZWRBcmNoaXZlctEmJ1Ryb290gAEACAARABoAIwAtADIANwBAAEYATQBUAFwAZwBpAGwAbgBwAHMAdQB3AIQAjgDRANYA3gDgAsACxQLQAtkC5wLrAvIC+wMAAw0DEAMiAyUDKgAAAAAAAAIBAAAAAAAAACgAAAAAAAAAAAAAAAAAAAMs}}
