@comment{put your biblio here in bibtex format}


@article{bieler2011whole,
  title={Whole-embryo modeling of early segmentation in Drosophila identifies robust and fragile expression domains},
  author={Bieler, Jonathan and Pozzorini, Christian and Naef, Felix},
  journal={Biophysical journal},
  volume={101},
  number={2},
  pages={287--296},
  year={2011},
  publisher={Elsevier}
}



@incollection{lakatos1976falsification,
  title={Falsification and the methodology of scientific research programmes},
  author={Lakatos, Imre},
  booktitle={Can Theories be Refuted?},
  pages={205--259},
  year={1976},
  publisher={Springer}
}

@article{raimbault2016models,
  title={Models Coupling Urban Growth and Transportation Network Growth: An Algorithmic Systematic Review Approach},
  author={Raimbault, Juste},
  journal={arXiv preprint arXiv:1605.08888},
  year={2016}
}


@article{livet2010ontology,
  title={Ontology, a mediator for agent-based modeling in social science},
  author={Livet, Pierre and Muller, Jean-Pierre and Phan, Denis and Sanders, Lena},
  journal={Journal of Artificial Societies and Social Simulation},
  volume={13},
  number={1},
  pages={3},
  year={2010}
}



@article{bedau2002downward,
  title={Downward causation and the autonomy of weak emergence},
  author={Bedau, Mark},
  journal={Principia},
  volume={6},
  number={1},
  pages={5},
  year={2002},
  publisher={Universidade Federal de Santa Catarina, N{\'u}cleo de Epistemologia e L{\'o}gica}
}


@incollection{douady2011dunes,
  title={Dunes, the Collective Behaviour of Wind and Sand, or: Are Dunes Living Beings?},
  author={Douady, St{\'e}phane and Hersen, Pascal},
  booktitle={Morphogenesis},
  pages={107--118},
  year={2011},
  publisher={Springer}
}



@article{lord1981cleistogamy,
  title={Cleistogamy: a tool for the study of floral morphogenesis, function and evolution},
  author={Lord, Elizabeth M},
  journal={The Botanical Review},
  volume={47},
  number={4},
  pages={421--449},
  year={1981},
  publisher={Springer}
}






@article{thom1974stabilite,
	Author = {Thom, Ren{\'e}},
	Journal = {Poetics},
	Number = {2},
	Pages = {7--19},
	Title = {Stabilit{\'e} structurelle et morphog{\'e}n{\`e}se},
	Volume = {3},
	Year = {1974}}



@book{holland2012signals,
  title={Signals and boundaries: Building blocks for complex adaptive systems},
  author={Holland, John H},
  year={2012},
  publisher={Mit Press}
}


@article{turing1952chemical,
  title={The chemical basis of morphogenesis},
  author={Turing, Alan Mathison},
  journal={Philosophical Transactions of the Royal Society of London B: Biological Sciences},
  volume={237},
  number={641},
  pages={37--72},
  year={1952},
  publisher={The Royal Society}
}


@article{voss2012multi,
	Author = {Voss-B{\"o}hme, Anja},
	Journal = {PloS one},
	Number = {9},
	Pages = {e42852},
	Title = {Multi-scale modeling in morphogenesis: a critical analysis of the cellular Potts model},
	Volume = {7},
	Year = {2012}}



@inproceedings{raimbault2014hybrid,
  title={A Hybrid Network/Grid Model of Urban Morphogenesis and Optimization},
  author={Raimbault, Juste and Banos, Arnaud and Doursat, Ren{\'e}},
  booktitle={Proceedings of the 4th International Conference on Complex Systems and Applications (ICCSA 2014)},
  pages={51--60},
  year={2014}
}



@incollection{cussat2012synthesis,
	Author = {Cussat-Blanc, Sylvain and Pascalie, Jonathan and Mazac, S{\'e}bastien and Luga, Herv{\'e} and Duthen, Yves},
	Booktitle = {Morphogenetic Engineering},
	Pages = {353--381},
	Publisher = {Springer},
	Title = {A synthesis of the Cell2Organ developmental model},
	Year = {2012}}



@inproceedings{doursat2008programmable,
	Author = {Doursat, Ren{\'e}},
	Booktitle = {ALIFE},
	Pages = {181--188},
	Title = {Programmable Architectures That Are Complex and Self-Organized-From Morphogenesis to Engineering.},
	Year = {2008}}



@techreport{crosato2014self,
	Author = {E. Crosato},
	Institution = {Vrije Universiteit Amsterdam},
	Title = {Artificial Self-Assembly : Literature Review},
	Year = {2014}}



@book{bourgine2010morphogenesis,
	Author = {Bourgine, Paul and Lesne, Annick},
	Publisher = {Springer Science \& Business Media},
	Title = {Morphogenesis: origins of patterns and shapes},
	Year = {2010}}




@article{han2016coordinating,
	Author = {Han, Peidong and Bloomekatz, Joshua and Ren, Jie and Zhang, Ruilin and Grinstein, Jonathan D and Zhao, Long and Burns, C Geoffrey and Burns, Caroline E and Anderson, Ryan M and Chi, Neil C},
	Journal = {Nature},
	Number = {7609},
	Pages = {700--704},
	Title = {Coordinating cardiomyocyte interactions to direct ventricular chamber morphogenesis},
	Volume = {534},
	Year = {2016}}





@article{minter2012morphogenesis,
	Author = {Minter, Nicholas J and Franks, Nigel R and Brown, Katharine A Robson},
	Journal = {Journal of the Royal Society Interface},
	Number = {68},
	Pages = {586--595},
	Title = {Morphogenesis of an extended phenotype: four-dimensional ant nest architecture},
	Volume = {9},
	Year = {2012}}




@article{chapman1998morphogenesis,
  title={Morphogenesis by symbiogenesis},
  author={Chapman, Michael J and Margulis, Lynn},
  journal={International Microbiology},
  volume={1},
  number={4},
  year={1998}
}



@article{doursat2013review,
  title={A review of morphogenetic engineering},
  author={Doursat, Ren{\'e} and Sayama, Hiroki and Michel, Olivier},
  journal={Natural Computing},
  volume={12},
  number={4},
  pages={517--535},
  year={2013},
  publisher={Springer}
}



@article{gierer1972theory,
  title={A theory of biological pattern formation},
  author={Gierer, Alfred and Meinhardt, Hans},
  journal={Kybernetik},
  volume={12},
  number={1},
  pages={30--39},
  year={1972},
  publisher={Springer}
}



@article{kondo2010reaction,
  title={Reaction-diffusion model as a framework for understanding biological pattern formation},
  author={Kondo, Shigeru and Miura, Takashi},
  journal={science},
  volume={329},
  number={5999},
  pages={1616--1620},
  year={2010},
  publisher={American Association for the Advancement of Science}
}

@article{lord1981cleistogamy,
  title={Cleistogamy: a tool for the study of floral morphogenesis, function and evolution},
  author={Lord, Elizabeth M},
  journal={The Botanical Review},
  volume={47},
  number={4},
  pages={421--449},
  year={1981},
  publisher={Springer}
}




@article{bourgine2004autopoiesis,
	Author = {Bourgine, Paul and Stewart, John},
	Journal = {Artificial life},
	Number = {3},
	Pages = {327--345},
	Title = {Autopoiesis and cognition},
	Volume = {10},
	Year = {2004}}




@article{straus1977societal,
	Author = {Straus, Murray A},
	Journal = {Annals of the New York Academy of Sciences},
	Number = {1},
	Pages = {717--730},
	Title = {Societal morphogenesis and intrafamily violence in cross-cultural perspective},
	Volume = {285},
	Year = {1977}}




@article{mehaffy2007notes,
	Author = {Mehaffy, Michael W},
	Journal = {Urban Design International},
	Number = {1},
	Pages = {41--49},
	Title = {Notes on the genesis of wholes: Christopher Alexander and his continuing influence},
	Volume = {12},
	Year = {2007}}



@article{renfrew1978trajectory,
	Author = {Renfrew, Colin},
	Journal = {American Antiquity},
	Pages = {203--222},
	Title = {Trajectory discontinuity and morphogenesis: the implications of catastrophe theory for archaeology},
	Year = {1978}}




@article{achibet2014model,
	Author = {Achibet, Merwan and Balev, Stefan and Dutot, Antoine and Olivier, Damien},
	Journal = {Procedia Computer Science},
	Pages = {828--833},
	Title = {A Model of Road Network and Buildings Extension Co-evolution},
	Volume = {32},
	Year = {2014}}




@article{thom1974stabilite,
	Author = {Thom, Ren{\'e}},
	Journal = {Poetics},
	Number = {2},
	Pages = {7--19},
	Title = {Stabilit{\'e} structurelle et morphog{\'e}n{\`e}se},
	Volume = {3},
	Year = {1974}}



@article{makse1998modeling,
	Author = {Makse, Hern{\'a}n A and Andrade, Jos{\'e} S and Batty, Michael and Havlin, Shlomo and Stanley, H Eugene and others},
	Journal = {Physical Review E},
	Number = {6},
	Pages = {7054},
	Title = {Modeling urban growth patterns with correlated percolation},
	Volume = {58},
	Year = {1998}}


@inproceedings{bonin2012modele,
	Author = {Bonin, Olivier and Hubert, Jean-Paul and others},
	Booktitle = {49{\`e} colloque de l'ASRDLF},
	Title = {Mod{\`e}le de morphog{\'e}n{\`e}se urbaine: simulation d'espaces qualitativement diff{\'e}renci{\'e}s dans le cadre du mod{\`e}le de l'{\'e}conomie urbaine},
	Year = {2012}}




@article{moudon1997urban,
	Author = {Moudon, Anne Vernez},
	Journal = {Urban morphology},
	Number = {1},
	Pages = {3--10},
	Title = {Urban morphology as an emerging interdisciplinary field},
	Volume = {1},
	Year = {1997}}


@article{burke1972dublin,
	Author = {Burke, Nuala T},
	Title = {Dublin 1600-1800: a study in urban morphogenesis},
	Year = {1972}}


@article{olsen1982urban,
	Author = {Olsen, Sherry},
	Journal = {Urban Geography},
	Number = {2},
	Pages = {87--109},
	Title = {Urban metabolism and morphogenesis},
	Volume = {3},
	Year = {1982}}

@article{abercrombie1977concepts,
  title={Concepts in morphogenesis},
  author={Abercrombie, Michael},
  journal={Proceedings of the Royal Society of London B: Biological Sciences},
  volume={199},
  number={1136},
  pages={337--344},
  year={1977},
  publisher={The Royal Society}
}
@article{gilbert2003morphogenesis,
  title={The morphogenesis of evolutionary developmental biology},
  author={Gilbert, Scott F},
  journal={International Journal of Developmental Biology},
  volume={47},
  number={7-8},
  pages={467},
  year={2003}
}
@article{thompson1942growth,
  title={On growth and form.},
  author={Thompson, Darcy Wentworth and others},
  journal={On growth and form.},
  year={1942},
  publisher={Cambridge Univ. Press}
}
@article{nakamasu2009interactions,
  title={Interactions between zebrafish pigment cells responsible for the generation of Turing patterns},
  author={Nakamasu, Akiko and Takahashi, Go and Kanbe, Akio and Kondo, Shigeru},
  journal={Proceedings of the National Academy of Sciences},
  volume={106},
  number={21},
  pages={8429--8434},
  year={2009},
  publisher={National Acad Sciences}
}
@article{goryachev2008dynamics,
  title={Dynamics of Cdc42 network embodies a Turing-type mechanism of yeast cell polarity},
  author={Goryachev, Andrew B and Pokhilko, Alexandra V},
  journal={FEBS letters},
  volume={582},
  number={10},
  pages={1437--1443},
  year={2008},
  publisher={Wiley Online Library}
}