

@ARTICLE{2017arXiv171200805R,
   author = {{Raimbault}, J.},
    title = "{Exploration of an Interdisciplinary Scientific Landscape}",
  journal = {ArXiv e-prints},
archivePrefix = "arXiv",
   eprint = {1712.00805},
 primaryClass = "cs.DL",
 keywords = {Computer Science - Digital Libraries},
     year = 2017,
    month = dec,
   adsurl = {http://adsabs.harvard.edu/abs/2017arXiv171200805R},
  adsnote = {Provided by the SAO/NASA Astrophysics Data System}
}


