





@inproceedings{raimbault2017applied,
  title={An Applied Knowledge Framework to Study Complex Systems},
  author={Raimbault, Juste},
  booktitle={Complex Systems Design \& Management},
  pages={31--45},
  year={2017}
}



@article{frankhauser2018integrated,
  title={An integrated multifractal modelling to urban and regional planning},
  author={Frankhauser, Pierre and Tannier, C{\'e}cile and Vuidel, Gilles and Houot, H{\'e}l{\`e}ne},
  journal={Computers, Environment and Urban Systems},
  volume={67},
  pages={132--146},
  year={2018},
  publisher={Elsevier}
}



@article{pumain2006evolutionary,
	Author = {Pumain, Denise and Paulus, Fabien and Vacchiani-Marcuzzo, C{\'e}line and Lobo, Jos{\'e}},
	Journal = {Cybergeo: European Journal of Geography},
	Publisher = {CNRS-UMR G{\'e}ographie-cit{\'e}s 8504},
	Title = {An evolutionary theory for interpreting urban scaling laws},
	Year = {2006}}




@article{doi:10.1177/0042098010377366,
	Abstract = { Simpop2 is a generic multi-agent model designed for simulating any system of cities. From an evolutionary theory built upon the observation of networks of cities in different parts of the world and over long time-periods, it has been possible to identify stylised facts that characterise their main features and properties. This paper presents data-oriented simulations of two kinds of system: in early settled countries (Europe, 1300---2000) and in countries more recently settled (the United States, 1650---2000). The model can simulate properly the general dynamics of urban systems, at different scales of observation (general configuration and trajectories of individual cities). The simulations help to identify some dynamic properties that are shared by both systems: a general growth trend and spatial expansion (produced through interurban competition which generates emulation towards innovation that explain the persistency of the hierarchical configuration); a dramatic increase of contrasts in city sizes since the first industrial revolution linked to the increase of communication speed; and, a differentiation of urban economic functions produced through interactions between cities and innovation cycles, as industrial revolution. The model also puts forward the necessary integration of a new urban function in the model, which represents the early emergence of global cities. Yet, beyond these similarities in the evolution of all urban systems, when they are fully integrated, the model also measures to what extent the observed peculiarities in their contemporary spatial and functional configuration depend on differences in the early space-filling process between the two kinds of system. },
	Author = {Anne Bretagnolle and Denise Pumain},
	Date-Added = {2017-01-30 13:33:17 +0000},
	Date-Modified = {2017-01-30 13:33:17 +0000},
	Doi = {10.1177/0042098010377366},
	Eprint = {http://dx.doi.org/10.1177/0042098010377366},
	Journal = {Urban Studies},
	Number = {13},
	Pages = {2819-2839},
	Title = {Simulating Urban Networks through Multiscalar Space-Time Dynamics: Europe and the United States, 17th-20th Centuries},
	Url = {http://dx.doi.org/10.1177/0042098010377366},
	Volume = {47},
	Year = {2010}}




@article{jane1961death,
  title={The death and life of great American cities},
  author={Jacobs, Jane},
  journal={New-York, NY: Vintage},
  year={1961}
}


@book{hall1982great,
  title={Great Planning Disasters: With a New Introduction},
  author={Hall, Peter},
  volume={1},
  year={1982},
  publisher={Univ of California Press}
}




@inproceedings{raimbault2014hybrid,
  title={A Hybrid Network/Grid Model of Urban Morphogenesis and Optimization},
  author={Raimbault, Juste and Banos, Arnaud and Doursat, Ren{\'e}},
  booktitle={4th International Conference on Complex Systems and Applications},
  pages={51--60},
  year={2014}
}



@article{Turing1952,
author = {Turing, Alan M},
journal = {Philosophical Transactions of the Royal Society of London},
keywords = {r00065},
mendeley-tags = {r00065},
pages = {1--37},
title = {{The chemical basis of morphogenesis}},
url = {http://www.dna.caltech.edu/courses/cs191/paperscs191/turing.pdf},
volume = {237},
year = {1952}
}



@book{thompson1942growth,
  title={On growth and form},
  author={Thompson, Darcy Wentworth},
  year={1942},
  publisher={Cambridge University Press}
}



@book{doursat2012morphogenetic,
	Author = {Doursat, Ren{\'e} and Sayama, Hiroki and Michel, Olivier},
	Date-Added = {2015-02-17 16:33:50 +0000},
	Date-Modified = {2015-02-26 14:10:59 +0000},
	Publisher = {Springer},
	Title = {Morphogenetic engineering: toward programmable complex systems},
	Year = {2012}}



@book{batty2007cities,
  title={Cities and complexity: understanding cities with cellular automata, agent-based models, and fractals},
  author={Batty, Michael},
  year={2007},
  publisher={The MIT press}
}




@inproceedings{sayama2009enhancing,
  title={Enhancing the architecture of interactive evolutionary design for exploring heterogeneous particle swarm dynamics: An in-class experiment},
  author={Sayama, Hiroki and Dionne, Shelley and Laramee, Craig and Wilson, David Sloan},
  booktitle={Artificial Life, 2009. ALife'09. IEEE Symposium on},
  pages={85--91},
  year={2009},
  organization={IEEE}
}


@article{sayama2009swarm,
	Author = {Sayama, Hiroki},
	Journal = {Artificial life},
	Number = {1},
	Pages = {105--114},
	Publisher = {MIT Press},
	Title = {Swarm chemistry},
	Volume = {15},
	Year = {2009}
	}


@inproceedings{doursat2011myriads,
  title={The myriads of Alife: Importing complex systems and self-organization into engineering.},
  author={Doursat, Ren{\'e}},
  booktitle={Artificial Life (ALIFE), 2011 IEEE Symposium on},
  pages={1--8},
  year={2011},
  organization={IEEE}
}



@article{doursat2013review,
  title={A review of morphogenetic engineering},
  author={Doursat, Ren{\'e} and Sayama, Hiroki and Michel, Olivier},
  journal={Natural Computing},
  volume={12},
  number={4},
  pages={517--535},
  year={2013},
  publisher={Springer}
}



@article{bourgine2004autopoiesis,
	Author = {Bourgine, Paul and Stewart, John},
	Date-Added = {2016-03-08 10:39:08 +0000},
	Date-Modified = {2016-03-08 10:39:08 +0000},
	Journal = {Artificial life},
	Number = {3},
	Pages = {327--345},
	Publisher = {MIT Press},
	Title = {Autopoiesis and cognition},
	Volume = {10},
	Year = {2004},
	Bdsk-File-1 = {YnBsaXN0MDDUAQIDBAUGJCVYJHZlcnNpb25YJG9iamVjdHNZJGFyY2hpdmVyVCR0b3ASAAGGoKgHCBMUFRYaIVUkbnVsbNMJCgsMDxJXTlMua2V5c1pOUy5vYmplY3RzViRjbGFzc6INDoACgAOiEBGABIAFgAdccmVsYXRpdmVQYXRoWWFsaWFzRGF0YV8QKy4uL0RvY3MvVXJiYW5Nb3JwaG9nZW5lc2lzL2JvdXJnaW5lMjAwNC5wZGbSFwsYGVdOUy5kYXRhTxECGgAAAAACGgACAAAMTWFjaW50b3NoIEhEAAAAAAAAAAAAAAAAAAAAykFabEgrAAACMXgyEGJvdXJnaW5lMjAwNC5wZGYAAAAAAAAAAAAAAAAAAAAAAAAAAAAAAAAAAAAAAAAAAAAAAAAAAAAAAAAAAAAAAAQkQMzTBMyhAAAAAAAAAAAAAQADAAAJIAAAAAAAAAAAAAAAAAAAABJVcmJhbk1vcnBob2dlbmVzaXMAEAAIAADKQOnsAAAAEQAIAADTBFwhAAAAAQAgAjF4MgIxd9kCIfkZAiH5EACQwikABQIVAAUCFAAAvuwAAgB1TWFjaW50b3NoIEhEOlVzZXJzOgBKdXN0ZToARG9jdW1lbnRzOgBDb21wbGV4U3lzdGVtczoAQ2l0eU5ldHdvcms6AEJpYmxpbzoARG9jczoAVXJiYW5Nb3JwaG9nZW5lc2lzOgBib3VyZ2luZTIwMDQucGRmAAAOACIAEABiAG8AdQByAGcAaQBuAGUAMgAwADAANAAuAHAAZABmAA8AGgAMAE0AYQBjAGkAbgB0AG8AcwBoACAASABEABIAYFVzZXJzL0p1c3RlL0RvY3VtZW50cy9Db21wbGV4U3lzdGVtcy9DaXR5TmV0d29yay9CaWJsaW8vRG9jcy9VcmJhbk1vcnBob2dlbmVzaXMvYm91cmdpbmUyMDA0LnBkZgATAAEvAAAVAAIADP//AACABtIbHB0eWiRjbGFzc25hbWVYJGNsYXNzZXNdTlNNdXRhYmxlRGF0YaMdHyBWTlNEYXRhWE5TT2JqZWN00hscIiNcTlNEaWN0aW9uYXJ5oiIgXxAPTlNLZXllZEFyY2hpdmVy0SYnVHJvb3SAAQAIABEAGgAjAC0AMgA3AEAARgBNAFUAYABnAGoAbABuAHEAcwB1AHcAhACOALwAwQDJAucC6QLuAvkDAgMQAxQDGwMkAykDNgM5A0sDTgNTAAAAAAAAAgEAAAAAAAAAKAAAAAAAAAAAAAAAAAAAA1U=}}




@article{2017arXiv170105880W,
	Adsnote = {Provided by the SAO/NASA Astrophysics Data System},
	Adsurl = {http://adsabs.harvard.edu/abs/2017arXiv170105880W},
	Archiveprefix = {arXiv},
	Author = {{Wang}, Y.-S. and {Matni}, N. and {Doyle}, J.~C.},
	Date-Added = {2017-01-23 09:34:59 +0000},
	Date-Modified = {2017-01-23 09:34:59 +0000},
	Eprint = {1701.05880},
	Journal = {arXiv preprint arXiv:1701.05880},
	Keywords = {Mathematics - Optimization and Control, Computer Science - Multiagent Systems},
	Month = jan,
	Primaryclass = {math.OC},
	Title = {{Separable and Localized System Level Synthesis for Large-Scale Systems}},
	Year = 2017,
	Bdsk-File-1 = {YnBsaXN0MDDUAQIDBAUGJCVYJHZlcnNpb25YJG9iamVjdHNZJGFyY2hpdmVyVCR0b3ASAAGGoKgHCBMUFRYaIVUkbnVsbNMJCgsMDxJXTlMua2V5c1pOUy5vYmplY3RzViRjbGFzc6INDoACgAOiEBGABIAFgAdccmVsYXRpdmVQYXRoWWFsaWFzRGF0YV8QOi4uL0RvY3MvSW5kdXN0cmlhbENTL1N5c3RlbUxldmVsU3ludGhlc2lzXzE3MDEuMDU4ODB2MS5wZGbSFwsYGVdOUy5kYXRhTxECVgAAAAACVgACAAAMTWFjaW50b3NoIEhEAAAAAAAAAAAAAAAAAAAAykFabEgrAAAEeaQQH1N5c3RlbUxldmVsU3ludGhlc2kjNDc5QTQyNS5wZGYAAAAAAAAAAAAAAAAAAAAAAAAAAAAAAAAAAAAAAAAAAAR5pCXUq+8ZAAAAAAAAAAAAAQADAAAJIAAAAAAAAAAAAAAAAAAAAAxJbmR1c3RyaWFsQ1MAEAAIAADKQOnsAAAAEQAIAADUq36ZAAAAAQAgBHmkEAIxd9kCIfkZAiH5EACQwikABQIVAAUCFAAAvuwAAgB+TWFjaW50b3NoIEhEOlVzZXJzOgBKdXN0ZToARG9jdW1lbnRzOgBDb21wbGV4U3lzdGVtczoAQ2l0eU5ldHdvcms6AEJpYmxpbzoARG9jczoASW5kdXN0cmlhbENTOgBTeXN0ZW1MZXZlbFN5bnRoZXNpIzQ3OUE0MjUucGRmAA4ATAAlAFMAeQBzAHQAZQBtAEwAZQB2AGUAbABTAHkAbgB0AGgAZQBzAGkAcwBfADEANwAwADEALgAwADUAOAA4ADAAdgAxAC4AcABkAGYADwAaAAwATQBhAGMAaQBuAHQAbwBzAGgAIABIAEQAEgBvVXNlcnMvSnVzdGUvRG9jdW1lbnRzL0NvbXBsZXhTeXN0ZW1zL0NpdHlOZXR3b3JrL0JpYmxpby9Eb2NzL0luZHVzdHJpYWxDUy9TeXN0ZW1MZXZlbFN5bnRoZXNpc18xNzAxLjA1ODgwdjEucGRmAAATAAEvAAAVAAIADP//AACABtIbHB0eWiRjbGFzc25hbWVYJGNsYXNzZXNdTlNNdXRhYmxlRGF0YaMdHyBWTlNEYXRhWE5TT2JqZWN00hscIiNcTlNEaWN0aW9uYXJ5oiIgXxAPTlNLZXllZEFyY2hpdmVy0SYnVHJvb3SAAQAIABEAGgAjAC0AMgA3AEAARgBNAFUAYABnAGoAbABuAHEAcwB1AHcAhACOAMsA0ADYAzIDNAM5A0QDTQNbA18DZgNvA3QDgQOEA5YDmQOeAAAAAAAAAgEAAAAAAAAAKAAAAAAAAAAAAAAAAAAAA6A=}}


@article{2015arXiv150904386K,
	Author = {Kolchinsky, Artemy and Gates, Alexander J and Rocha, Luis M},
	Journal = {Physical Review E},
	Number = {6},
	Pages = {060801},
	Publisher = {APS},
	Title = {Modularity and the spread of perturbations in complex dynamical systems},
	Volume = {92},
	Year = {2015}}



@article{makse1998modeling,
	Author = {Makse, Hern{\'a}n A and Andrade, Jos{\'e} S and Batty, Michael and Havlin, Shlomo and Stanley, H Eugene and others},
	Date-Added = {2015-10-02 13:29:17 +0000},
	Date-Modified = {2015-10-02 13:29:17 +0000},
	Journal = {Physical Review E},
	Number = {6},
	Pages = {7054},
	Publisher = {APS},
	Title = {Modeling urban growth patterns with correlated percolation},
	Volume = {58},
	Year = {1998},
	Bdsk-File-1 = {YnBsaXN0MDDUAQIDBAUGJCVYJHZlcnNpb25YJG9iamVjdHNZJGFyY2hpdmVyVCR0b3ASAAGGoKgHCBMUFRYaIVUkbnVsbNMJCgsMDxJXTlMua2V5c1pOUy5vYmplY3RzViRjbGFzc6INDoACgAOiEBGABIAFgAdccmVsYXRpdmVQYXRoWWFsaWFzRGF0YV8QPy4uL0RvY3MvVXJiYW5Nb3JwaG9nZW5lc2lzLzE5OThfTW9kZWxpbmd1cmJhbmdyb3d0aHBhdHRlcm5zLnBkZtIXCxgZV05TLmRhdGFPEQJkAAAAAAJkAAIAAAxNYWNpbnRvc2ggSEQAAAAAAAAAAAAAAAAAAADKQVpsSCsAAAIxeDIfMTk5OF9Nb2RlbGluZ3VyYmFuZyMzNUQ0MDAxLnBkZgAAAAAAAAAAAAAAAAAAAAAAAAAAAAAAAAAAAAAAAAAAA11AAdI0p38AAAAAAAAAAAABAAMAAAkgAAAAAAAAAAAAAAAAAAAAElVyYmFuTW9ycGhvZ2VuZXNpcwAQAAgAAMpA6ewAAAARAAgAANI0Nv8AAAABACACMXgyAjF32QIh+RkCIfkQAJDCKQAFAhUABQIUAAC+7AACAIRNYWNpbnRvc2ggSEQ6VXNlcnM6AEp1c3RlOgBEb2N1bWVudHM6AENvbXBsZXhTeXN0ZW1zOgBDaXR5TmV0d29yazoAQmlibGlvOgBEb2NzOgBVcmJhbk1vcnBob2dlbmVzaXM6ADE5OThfTW9kZWxpbmd1cmJhbmcjMzVENDAwMS5wZGYADgBKACQAMQA5ADkAOABfAE0AbwBkAGUAbABpAG4AZwB1AHIAYgBhAG4AZwByAG8AdwB0AGgAcABhAHQAdABlAHIAbgBzAC4AcABkAGYADwAaAAwATQBhAGMAaQBuAHQAbwBzAGgAIABIAEQAEgB0VXNlcnMvSnVzdGUvRG9jdW1lbnRzL0NvbXBsZXhTeXN0ZW1zL0NpdHlOZXR3b3JrL0JpYmxpby9Eb2NzL1VyYmFuTW9ycGhvZ2VuZXNpcy8xOTk4X01vZGVsaW5ndXJiYW5ncm93dGhwYXR0ZXJucy5wZGYAEwABLwAAFQACAAz//wAAgAbSGxwdHlokY2xhc3NuYW1lWCRjbGFzc2VzXU5TTXV0YWJsZURhdGGjHR8gVk5TRGF0YVhOU09iamVjdNIbHCIjXE5TRGljdGlvbmFyeaIiIF8QD05TS2V5ZWRBcmNoaXZlctEmJ1Ryb290gAEACAARABoAIwAtADIANwBAAEYATQBVAGAAZwBqAGwAbgBxAHMAdQB3AIQAjgDQANUA3QNFA0cDTANXA2ADbgNyA3kDggOHA5QDlwOpA6wDsQAAAAAAAAIBAAAAAAAAACgAAAAAAAAAAAAAAAAAAAOz}}



@inproceedings{bonin2012modele,
	Author = {Bonin, Olivier and Hubert, Jean-Paul and others},
	Booktitle = {49{\`e} colloque de l'ASRDLF},
	Date-Added = {2015-02-17 16:33:50 +0000},
	Date-Modified = {2015-02-26 14:10:43 +0000},
	Title = {Mod{\`e}le de morphog{\'e}n{\`e}se urbaine: simulation d'espaces qualitativement diff{\'e}renci{\'e}s dans le cadre du mod{\`e}le de l'{\'e}conomie urbaine},
	Year = {2012},
	Bdsk-File-1 = {YnBsaXN0MDDUAQIDBAUGJCVYJHZlcnNpb25YJG9iamVjdHNZJGFyY2hpdmVyVCR0b3ASAAGGoKgHCBMUFRYaIVUkbnVsbNMJCgsMDxJXTlMua2V5c1pOUy5vYmplY3RzViRjbGFzc6INDoACgAOiEBGABIAFgAdccmVsYXRpdmVQYXRoWWFsaWFzRGF0YV8QQy4uLy4uLy4uL0JpYmxpby9DdWx0dXJlL1VyYmFuTW9ycGhvZ2VuZXNpcy9ib25pbi1odWJlcnQtYXJ0aWNsZS5wZGbSFwsYGVdOUy5kYXRhTxECJAAAAAACJAACAAAMTWFjaW50b3NoIEhEAAAAAAAAAAAAAAAAAAAAykFabEgrAAABj7w1GGJvbmluLWh1YmVydC1hcnRpY2xlLnBkZgAAAAAAAAAAAAAAAAAAAAAAAAAAAAAAAAAAAAAAAAAAAAAAAAAAAAGPvC7PUMG8AAAAAAAAAAAAAwAEAAAJIAAAAAAAAAAAAAAAAAAAABJVcmJhbk1vcnBob2dlbmVzaXMAEAAIAADKQOnsAAAAEQAIAADPUFE8AAAAAQAcAY+8NQExBrAAqZh6AJDCKQAFAhUABQIUAAC+7AACAHNNYWNpbnRvc2ggSEQ6VXNlcnM6AEp1c3RlOgBEb2N1bWVudHM6AENvbXBsZXhTeXN0ZW1zOgBCaWJsaW86AEN1bHR1cmU6AFVyYmFuTW9ycGhvZ2VuZXNpczoAYm9uaW4taHViZXJ0LWFydGljbGUucGRmAAAOADIAGABiAG8AbgBpAG4ALQBoAHUAYgBlAHIAdAAtAGEAcgB0AGkAYwBsAGUALgBwAGQAZgAPABoADABNAGEAYwBpAG4AdABvAHMAaAAgAEgARAASAF9Vc2Vycy9KdXN0ZS9Eb2N1bWVudHMvQ29tcGxleFN5c3RlbXMvQmlibGlvL0N1bHR1cmUvVXJiYW5Nb3JwaG9nZW5lc2lzL2JvbmluLWh1YmVydC1hcnRpY2xlLnBkZgAAEwABLwAAFQACAAz//wAAgAbSGxwdHlokY2xhc3NuYW1lWCRjbGFzc2VzXU5TTXV0YWJsZURhdGGjHR8gVk5TRGF0YVhOU09iamVjdNIbHCIjXE5TRGljdGlvbmFyeaIiIF8QD05TS2V5ZWRBcmNoaXZlctEmJ1Ryb290gAEACAARABoAIwAtADIANwBAAEYATQBVAGAAZwBqAGwAbgBxAHMAdQB3AIQAjgDUANkA4QMJAwsDEAMbAyQDMgM2Az0DRgNLA1gDWwNtA3ADdQAAAAAAAAIBAAAAAAAAACgAAAAAAAAAAAAAAAAAAAN3}}


@article{moudon1997urban,
	Author = {Moudon, Anne Vernez},
	Date-Added = {2016-03-08 10:03:38 +0000},
	Date-Modified = {2016-03-08 10:03:38 +0000},
	Journal = {Urban morphology},
	Number = {1},
	Pages = {3--10},
	Title = {Urban morphology as an emerging interdisciplinary field},
	Volume = {1},
	Year = {1997},
	Bdsk-File-1 = {YnBsaXN0MDDUAQIDBAUGJCVYJHZlcnNpb25YJG9iamVjdHNZJGFyY2hpdmVyVCR0b3ASAAGGoKgHCBMUFRYaIVUkbnVsbNMJCgsMDxJXTlMua2V5c1pOUy5vYmplY3RzViRjbGFzc6INDoACgAOiEBGABIAFgAdccmVsYXRpdmVQYXRoWWFsaWFzRGF0YV8QKS4uL0RvY3MvVXJiYW5Nb3JwaG9nZW5lc2lzL21vdWRvbjE5OTcucGRm0hcLGBlXTlMuZGF0YU8RAhIAAAAAAhIAAgAADE1hY2ludG9zaCBIRAAAAAAAAAAAAAAAAAAAAMpBWmxIKwAAAjF4Mg5tb3Vkb24xOTk3LnBkZgAAAAAAAAAAAAAAAAAAAAAAAAAAAAAAAAAAAAAAAAAAAAAAAAAAAAAAAAAAAAAAAAAEJD2r0wTEvgAAAAAAAAAAAAEAAwAACSAAAAAAAAAAAAAAAAAAAAASVXJiYW5Nb3JwaG9nZW5lc2lzABAACAAAykDp7AAAABEACAAA0wRUPgAAAAEAIAIxeDICMXfZAiH5GQIh+RAAkMIpAAUCFQAFAhQAAL7sAAIAc01hY2ludG9zaCBIRDpVc2VyczoASnVzdGU6AERvY3VtZW50czoAQ29tcGxleFN5c3RlbXM6AENpdHlOZXR3b3JrOgBCaWJsaW86AERvY3M6AFVyYmFuTW9ycGhvZ2VuZXNpczoAbW91ZG9uMTk5Ny5wZGYAAA4AHgAOAG0AbwB1AGQAbwBuADEAOQA5ADcALgBwAGQAZgAPABoADABNAGEAYwBpAG4AdABvAHMAaAAgAEgARAASAF5Vc2Vycy9KdXN0ZS9Eb2N1bWVudHMvQ29tcGxleFN5c3RlbXMvQ2l0eU5ldHdvcmsvQmlibGlvL0RvY3MvVXJiYW5Nb3JwaG9nZW5lc2lzL21vdWRvbjE5OTcucGRmABMAAS8AABUAAgAM//8AAIAG0hscHR5aJGNsYXNzbmFtZVgkY2xhc3Nlc11OU011dGFibGVEYXRhox0fIFZOU0RhdGFYTlNPYmplY3TSGxwiI1xOU0RpY3Rpb25hcnmiIiBfEA9OU0tleWVkQXJjaGl2ZXLRJidUcm9vdIABAAgAEQAaACMALQAyADcAQABGAE0AVQBgAGcAagBsAG4AcQBzAHUAdwCEAI4AugC/AMcC3QLfAuQC7wL4AwYDCgMRAxoDHwMsAy8DQQNEA0kAAAAAAAACAQAAAAAAAAAoAAAAAAAAAAAAAAAAAAADSw==}}



@article{whitehand1999urban,
	Author = {Whitehand, JWR and Morton, NJ and Carr, CMH},
	Date-Added = {2016-03-08 10:01:13 +0000},
	Date-Modified = {2016-03-08 10:01:13 +0000},
	Journal = {Environment and Planning B: Planning and Design},
	Number = {4},
	Pages = {503--515},
	Publisher = {SAGE Publications},
	Title = {Urban morphogenesis at the microscale: how houses change},
	Volume = {26},
	Year = {1999},
	Bdsk-File-1 = {YnBsaXN0MDDUAQIDBAUGJCVYJHZlcnNpb25YJG9iamVjdHNZJGFyY2hpdmVyVCR0b3ASAAGGoKgHCBMUFRYaIVUkbnVsbNMJCgsMDxJXTlMua2V5c1pOUy5vYmplY3RzViRjbGFzc6INDoACgAOiEBGABIAFgAdccmVsYXRpdmVQYXRoWWFsaWFzRGF0YV8QJy4uL0RvY3MvTW9ycGhvZ2VuZXNpcy93aGl0ZWhhbmQxOTk5LnBkZtIXCxgZV05TLmRhdGFPEQH2AAAAAAH2AAIAAAxNYWNpbnRvc2ggSEQAAAAAAAAAAAAAAAAAAADVLXURSCsAAAAhk1MRd2hpdGVoYW5kMTk5OS5wZGYAAAAAAAAAAAAAAAAAAAAAAAAAAAAAAAAAAAAAAAAAAAAAAAAAAAAAAAAAAAAAACGYRdX7rwkAAAAAAAAAAAABAAMAAAkgAAAAAAAAAAAAAAAAAAAADU1vcnBob2dlbmVzaXMAABAACAAA1S1Y8QAAABEACAAA1fuS6QAAAAEAHAAhk1MAGRWHAArNggAKy2QACr3pAAmpOAAGadwAAgBmTWFjaW50b3NoIEhEOlVzZXJzOgBqdXN0ZToAQ29tcGxleFN5c3RlbXM6AENpdHlOZXR3b3JrOgBCaWJsaW86AERvY3M6AE1vcnBob2dlbmVzaXM6AHdoaXRlaGFuZDE5OTkucGRmAA4AJAARAHcAaABpAHQAZQBoAGEAbgBkADEAOQA5ADkALgBwAGQAZgAPABoADABNAGEAYwBpAG4AdABvAHMAaAAgAEgARAASAFJVc2Vycy9qdXN0ZS9Db21wbGV4U3lzdGVtcy9DaXR5TmV0d29yay9CaWJsaW8vRG9jcy9Nb3JwaG9nZW5lc2lzL3doaXRlaGFuZDE5OTkucGRmABMAAS8AABUAAgAM//8AAIAG0hscHR5aJGNsYXNzbmFtZVgkY2xhc3Nlc11OU011dGFibGVEYXRhox0fIFZOU0RhdGFYTlNPYmplY3TSGxwiI1xOU0RpY3Rpb25hcnmiIiBfEA9OU0tleWVkQXJjaGl2ZXLRJidUcm9vdIABAAgAEQAaACMALQAyADcAQABGAE0AVQBgAGcAagBsAG4AcQBzAHUAdwCEAI4AuAC9AMUCvwLBAsYC0QLaAugC7ALzAvwDAQMOAxEDIwMmAysAAAAAAAACAQAAAAAAAAAoAAAAAAAAAAAAAAAAAAADLQ==}}



@book{alexander1977pattern,
	Author = {Alexander, Christopher},
	Date-Added = {2018-01-29 16:10:37 +0000},
	Date-Modified = {2018-01-29 16:10:37 +0000},
	Publisher = {Oxford university press},
	Title = {A pattern language: towns, buildings, construction},
	Year = {1977}}



@article{delile2016chapitre,
	Author = {Delile, Julien and Doursat, Ren{\'e} and Peyri{\'e}ras, Nadine},
	Date-Added = {2016-03-08 09:37:07 +0000},
	Date-Modified = {2016-03-08 09:37:07 +0000},
	Journal = {Mod{\'e}lisations, simulations, syst{\`e}mes complexes},
	Pages = {581--624},
	Publisher = {Editions Mat{\'e}riologiques},
	Title = {Mod{\'e}lisation multi-agent de l'embryogen{\`e}se animale},
	Year = {2016},
	Bdsk-File-1 = {YnBsaXN0MDDUAQIDBAUGJCVYJHZlcnNpb25YJG9iamVjdHNZJGFyY2hpdmVyVCR0b3ASAAGGoKgHCBMUFRYaIVUkbnVsbNMJCgsMDxJXTlMua2V5c1pOUy5vYmplY3RzViRjbGFzc6INDoACgAOiEBGABIAFgAdccmVsYXRpdmVQYXRoWWFsaWFzRGF0YV8QNy4uL0RvY3MvVXJiYW5Nb3JwaG9nZW5lc2lzL0VETUFUX1ZBUkVOXzIwMTRfMDFfMDU4MS5wZGbSFwsYGVdOUy5kYXRhTxECSgAAAAACSgACAAAMTWFjaW50b3NoIEhEAAAAAAAAAAAAAAAAAAAAykFabEgrAAACMXgyHEVETUFUX1ZBUkVOXzIwMTRfMDFfMDU4MS5wZGYAAAAAAAAAAAAAAAAAAAAAAAAAAAAAAAAAAAAAAAAAAAAAAAQkNIHTBL3FAAAAAAAAAAAAAQADAAAJIAAAAAAAAAAAAAAAAAAAABJVcmJhbk1vcnBob2dlbmVzaXMAEAAIAADKQOnsAAAAEQAIAADTBE1FAAAAAQAgAjF4MgIxd9kCIfkZAiH5EACQwikABQIVAAUCFAAAvuwAAgCBTWFjaW50b3NoIEhEOlVzZXJzOgBKdXN0ZToARG9jdW1lbnRzOgBDb21wbGV4U3lzdGVtczoAQ2l0eU5ldHdvcms6AEJpYmxpbzoARG9jczoAVXJiYW5Nb3JwaG9nZW5lc2lzOgBFRE1BVF9WQVJFTl8yMDE0XzAxXzA1ODEucGRmAAAOADoAHABFAEQATQBBAFQAXwBWAEEAUgBFAE4AXwAyADAAMQA0AF8AMAAxAF8AMAA1ADgAMQAuAHAAZABmAA8AGgAMAE0AYQBjAGkAbgB0AG8AcwBoACAASABEABIAbFVzZXJzL0p1c3RlL0RvY3VtZW50cy9Db21wbGV4U3lzdGVtcy9DaXR5TmV0d29yay9CaWJsaW8vRG9jcy9VcmJhbk1vcnBob2dlbmVzaXMvRURNQVRfVkFSRU5fMjAxNF8wMV8wNTgxLnBkZgATAAEvAAAVAAIADP//AACABtIbHB0eWiRjbGFzc25hbWVYJGNsYXNzZXNdTlNNdXRhYmxlRGF0YaMdHyBWTlNEYXRhWE5TT2JqZWN00hscIiNcTlNEaWN0aW9uYXJ5oiIgXxAPTlNLZXllZEFyY2hpdmVy0SYnVHJvb3SAAQAIABEAGgAjAC0AMgA3AEAARgBNAFUAYABnAGoAbABuAHEAcwB1AHcAhACOAMgAzQDVAyMDJQMqAzUDPgNMA1ADVwNgA2UDcgN1A4cDigOPAAAAAAAAAgEAAAAAAAAAKAAAAAAAAAAAAAAAAAAAA5E=}}


@article{pumain2008socio,
	Author = {Pumain, Denise},
	Date-Added = {2017-11-01 19:34:51 +0000},
	Date-Modified = {2017-11-01 19:34:51 +0000},
	Journal = {The Dynamics of Complex Urban Systems},
	Pages = {373--389},
	Publisher = {Springer},
	Title = {The socio-spatial dynamics of systems of cities and innovation processes: a multi-level model},
	Year = {2008},
	Bdsk-File-1 = {YnBsaXN0MDDUAQIDBAUGJCVYJHZlcnNpb25YJG9iamVjdHNZJGFyY2hpdmVyVCR0b3ASAAGGoKgHCBMUFRYaIVUkbnVsbNMJCgsMDxJXTlMua2V5c1pOUy5vYmplY3RzViRjbGFzc6INDoACgAOiEBGABIAFgAdccmVsYXRpdmVQYXRoWWFsaWFzRGF0YV8Q4S4uL0RvY3MvVXJiYW5TeXN0ZW1zL01pY2hhZWwgQmF0dHkgKGF1dGguKSwgUHJvZmVzc29yIERyLiBEci5oLmMuIFNlcmdpbyBBbGJldmVyaW8sIERlbmlzZSBBbmRyZXksIFBhb2xvIEdpb3JkYW5vLCBEci4gQWxiZXJ0byBWYW5jaGVyaSAoZWRzLiktVGhlIER5bmFtaWNzIG9mIENvbXBsZXggVXJiYW4gU3lzdGVtc18gQW4gSW50ZXJkaXNjaXBsaW5hcnkgQXBwcm9hY2gtUGh5c2ljYS1WLnBkZtIXCxgZV05TLmRhdGFPEQQyAAAAAAQyAAIAAAxNYWNpbnRvc2ggSEQAAAAAAAAAAAAAAAAAAADVLXURSCsAAAAhmykfTWljaGFlbCBCYXR0eSAoYXV0aC4jMjdCOTI5LnBkZgAAAAAAAAAAAAAAAAAAAAAAAAAAAAAAAAAAAAAAAAAAACe5KdYfiusAAAAAAAAAAAABAAMAAAkgAAAAAAAAAAAAAAAAAAAADFVyYmFuU3lzdGVtcwAQAAgAANUtWPEAAAARAAgAANYffNsAAAABABwAIZspABkVhwAKzYIACstkAAq96QAJqTgABmncAAIAc01hY2ludG9zaCBIRDpVc2VyczoAanVzdGU6AENvbXBsZXhTeXN0ZW1zOgBDaXR5TmV0d29yazoAQmlibGlvOgBEb2NzOgBVcmJhblN5c3RlbXM6AE1pY2hhZWwgQmF0dHkgKGF1dGguIzI3QjkyOS5wZGYAAA4BmgDMAE0AaQBjAGgAYQBlAGwAIABCAGEAdAB0AHkAIAAoAGEAdQB0AGgALgApACwAIABQAHIAbwBmAGUAcwBzAG8AcgAgAEQAcgAuACAARAByAC4AaAAuAGMALgAgAFMAZQByAGcAaQBvACAAQQBsAGIAZQB2AGUAcgBpAG8ALAAgAEQAZQBuAGkAcwBlACAAQQBuAGQAcgBlAHkALAAgAFAAYQBvAGwAbwAgAEcAaQBvAHIAZABhAG4AbwAsACAARAByAC4AIABBAGwAYgBlAHIAdABvACAAVgBhAG4AYwBoAGUAcgBpACAAKABlAGQAcwAuACkALQBUAGgAZQAgAEQAeQBuAGEAbQBpAGMAcwAgAG8AZgAgAEMAbwBtAHAAbABlAHgAIABVAHIAYgBhAG4AIABTAHkAcwB0AGUAbQBzAF8AIABBAG4AIABJAG4AdABlAHIAZABpAHMAYwBpAHAAbABpAG4AYQByAHkAIABBAHAAcAByAG8AYQBjAGgALQBQAGgAeQBzAGkAYwBhAC0AVgAuAHAAZABmAA8AGgAMAE0AYQBjAGkAbgB0AG8AcwBoACAASABEABIBDFVzZXJzL2p1c3RlL0NvbXBsZXhTeXN0ZW1zL0NpdHlOZXR3b3JrL0JpYmxpby9Eb2NzL1VyYmFuU3lzdGVtcy9NaWNoYWVsIEJhdHR5IChhdXRoLiksIFByb2Zlc3NvciBEci4gRHIuaC5jLiBTZXJnaW8gQWxiZXZlcmlvLCBEZW5pc2UgQW5kcmV5LCBQYW9sbyBHaW9yZGFubywgRHIuIEFsYmVydG8gVmFuY2hlcmkgKGVkcy4pLVRoZSBEeW5hbWljcyBvZiBDb21wbGV4IFVyYmFuIFN5c3RlbXNfIEFuIEludGVyZGlzY2lwbGluYXJ5IEFwcHJvYWNoLVBoeXNpY2EtVi5wZGYAEwABLwAAFQACAAz//wAAgAbSGxwdHlokY2xhc3NuYW1lWCRjbGFzc2VzXU5TTXV0YWJsZURhdGGjHR8gVk5TRGF0YVhOU09iamVjdNIbHCIjXE5TRGljdGlvbmFyeaIiIF8QD05TS2V5ZWRBcmNoaXZlctEmJ1Ryb290gAEACAARABoAIwAtADIANwBAAEYATQBVAGAAZwBqAGwAbgBxAHMAdQB3AIQAjgFyAXcBfwW1BbcFvAXHBdAF3gXiBekF8gX3BgQGBwYZBhwGIQAAAAAAAAIBAAAAAAAAACgAAAAAAAAAAAAAAAAAAAYj}}



@book{holland2012signals,
	Author = {Holland, John H},
	Date-Added = {2016-03-03 11:50:47 +0000},
	Date-Modified = {2017-07-31 05:48:47 +0000},
	Publisher = {MIT Press},
	Title = {Signals and boundaries: Building blocks for complex adaptive systems},
	Year = {2012}}




@article{antonioni2017coevolution,
	Author = {Antonioni, Alberto and Cardillo, Alessio},
	Date-Added = {2017-12-05 16:55:22 +0000},
	Date-Modified = {2017-12-05 16:55:22 +0000},
	Journal = {Physical Review Letters},
	Number = {23},
	Pages = {238301},
	Publisher = {APS},
	Title = {Coevolution of synchronization and cooperation in costly networked interactions},
	Volume = {118},
	Year = {2017},
	Bdsk-File-1 = {YnBsaXN0MDDUAQIDBAUGJCVYJHZlcnNpb25YJG9iamVjdHNZJGFyY2hpdmVyVCR0b3ASAAGGoKgHCBMUFRYaIVUkbnVsbNMJCgsMDxJXTlMua2V5c1pOUy5vYmplY3RzViRjbGFzc6INDoACgAOiEBGABIAFgAdccmVsYXRpdmVQYXRoWWFsaWFzRGF0YV8QJS4uL0RvY3MvQ29ldm9sdXRpb24vYW50b25pb25pMjAxNy5wZGbSFwsYGVdOUy5kYXRhTxEB8AAAAAAB8AACAAAMTWFjaW50b3NoIEhEAAAAAAAAAAAAAAAAAAAA1S11EUgrAAAAKim4EWFudG9uaW9uaTIwMTcucGRmAAAAAAAAAAAAAAAAAAAAAAAAAAAAAAAAAAAAAAAAAAAAAAAAAAAAAAAAAAAAAAAxFuXWTI5GAAAAAAAAAAAAAQADAAAJIAAAAAAAAAAAAAAAAAAAAAtDb2V2b2x1dGlvbgAAEAAIAADVLVjxAAAAEQAIAADWTIA2AAAAAQAcACopuAAZFYcACs2CAArLZAAKvekACak4AAZp3AACAGRNYWNpbnRvc2ggSEQ6VXNlcnM6AGp1c3RlOgBDb21wbGV4U3lzdGVtczoAQ2l0eU5ldHdvcms6AEJpYmxpbzoARG9jczoAQ29ldm9sdXRpb246AGFudG9uaW9uaTIwMTcucGRmAA4AJAARAGEAbgB0AG8AbgBpAG8AbgBpADIAMAAxADcALgBwAGQAZgAPABoADABNAGEAYwBpAG4AdABvAHMAaAAgAEgARAASAFBVc2Vycy9qdXN0ZS9Db21wbGV4U3lzdGVtcy9DaXR5TmV0d29yay9CaWJsaW8vRG9jcy9Db2V2b2x1dGlvbi9hbnRvbmlvbmkyMDE3LnBkZgATAAEvAAAVAAIADP//AACABtIbHB0eWiRjbGFzc25hbWVYJGNsYXNzZXNdTlNNdXRhYmxlRGF0YaMdHyBWTlNEYXRhWE5TT2JqZWN00hscIiNcTlNEaWN0aW9uYXJ5oiIgXxAPTlNLZXllZEFyY2hpdmVy0SYnVHJvb3SAAQAIABEAGgAjAC0AMgA3AEAARgBNAFUAYABnAGoAbABuAHEAcwB1AHcAhACOALYAuwDDArcCuQK+AskC0gLgAuQC6wL0AvkDBgMJAxsDHgMjAAAAAAAAAgEAAAAAAAAAKAAAAAAAAAAAAAAAAAAAAyU=}}



@article{hopkins2008cosmological,
	Author = {Hopkins, Philip F and Hernquist, Lars and Cox, Thomas J and Kere{\v{s}}, Du{\v{s}}an},
	Date-Added = {2017-11-12 17:03:17 +0000},
	Date-Modified = {2017-11-12 17:03:17 +0000},
	Journal = {The Astrophysical Journal Supplement Series},
	Number = {2},
	Pages = {356},
	Publisher = {IOP Publishing},
	Title = {A cosmological framework for the co-evolution of quasars, supermassive black holes, and elliptical galaxies. I. Galaxy mergers and quasar activity},
	Volume = {175},
	Year = {2008},
	Bdsk-File-1 = {YnBsaXN0MDDUAQIDBAUGJCVYJHZlcnNpb25YJG9iamVjdHNZJGFyY2hpdmVyVCR0b3ASAAGGoKgHCBMUFRYaIVUkbnVsbNMJCgsMDxJXTlMua2V5c1pOUy5vYmplY3RzViRjbGFzc6INDoACgAOiEBGABIAFgAdccmVsYXRpdmVQYXRoWWFsaWFzRGF0YV8QMS4uL0RvY3MvQ29ldm9sdXRpb24vSG9wa2luc18yMDA4X0FwSlNfMTc1XzM1Ni5wZGbSFwsYGVdOUy5kYXRhTxECIAAAAAACIAACAAAMTWFjaW50b3NoIEhEAAAAAAAAAAAAAAAAAAAA1S11EUgrAAAAKim4HUhvcGtpbnNfMjAwOF9BcEpTXzE3NV8zNTYucGRmAAAAAAAAAAAAAAAAAAAAAAAAAAAAAAAAAAAAAAAAAAAAAAAqKwbWLj1PAAAAAAAAAAAAAQADAAAJIAAAAAAAAAAAAAAAAAAAAAtDb2V2b2x1dGlvbgAAEAAIAADVLVjxAAAAEQAIAADWLi8/AAAAAQAcACopuAAZFYcACs2CAArLZAAKvekACak4AAZp3AACAHBNYWNpbnRvc2ggSEQ6VXNlcnM6AGp1c3RlOgBDb21wbGV4U3lzdGVtczoAQ2l0eU5ldHdvcms6AEJpYmxpbzoARG9jczoAQ29ldm9sdXRpb246AEhvcGtpbnNfMjAwOF9BcEpTXzE3NV8zNTYucGRmAA4APAAdAEgAbwBwAGsAaQBuAHMAXwAyADAAMAA4AF8AQQBwAEoAUwBfADEANwA1AF8AMwA1ADYALgBwAGQAZgAPABoADABNAGEAYwBpAG4AdABvAHMAaAAgAEgARAASAFxVc2Vycy9qdXN0ZS9Db21wbGV4U3lzdGVtcy9DaXR5TmV0d29yay9CaWJsaW8vRG9jcy9Db2V2b2x1dGlvbi9Ib3BraW5zXzIwMDhfQXBKU18xNzVfMzU2LnBkZgATAAEvAAAVAAIADP//AACABtIbHB0eWiRjbGFzc25hbWVYJGNsYXNzZXNdTlNNdXRhYmxlRGF0YaMdHyBWTlNEYXRhWE5TT2JqZWN00hscIiNcTlNEaWN0aW9uYXJ5oiIgXxAPTlNLZXllZEFyY2hpdmVy0SYnVHJvb3SAAQAIABEAGgAjAC0AMgA3AEAARgBNAFUAYABnAGoAbABuAHEAcwB1AHcAhACOAMIAxwDPAvMC9QL6AwUDDgMcAyADJwMwAzUDQgNFA1cDWgNfAAAAAAAAAgEAAAAAAAAAKAAAAAAAAAAAAAAAAAAAA2E=}}



@book{morin1976methode,
	Author = {Morin, Edgar},
	Date-Added = {2017-10-24 11:46:33 +0000},
	Date-Modified = {2017-10-24 11:46:58 +0000},
	Publisher = {Le Seuil},
	Title = {La M{\'e}thode, tome 1. la nature de la nature},
	Year = {1976}}


@article{ter2011co,
	Author = {Ter Wal, Anne LJ and Boschma, Ron},
	Date-Added = {2017-11-12 16:32:56 +0000},
	Date-Modified = {2017-11-12 16:32:56 +0000},
	Journal = {Regional studies},
	Number = {7},
	Pages = {919--933},
	Publisher = {Routledge},
	Title = {Co-evolution of firms, industries and networks in space},
	Volume = {45},
	Year = {2011},
	Bdsk-File-1 = {YnBsaXN0MDDUAQIDBAUGJCVYJHZlcnNpb25YJG9iamVjdHNZJGFyY2hpdmVyVCR0b3ASAAGGoKgHCBMUFRYaIVUkbnVsbNMJCgsMDxJXTlMua2V5c1pOUy5vYmplY3RzViRjbGFzc6INDoACgAOiEBGABIAFgAdccmVsYXRpdmVQYXRoWWFsaWFzRGF0YV8QTi4uL0RvY3MvQ29ldm9sdXRpb24vQ28gZXZvbHV0aW9uIG9mIEZpcm1zIEluZHVzdHJpZXMgYW5kIE5ldHdvcmtzIGluIFNwYWNlLnBkZtIXCxgZV05TLmRhdGFPEQJ6AAAAAAJ6AAIAAAxNYWNpbnRvc2ggSEQAAAAAAAAAAAAAAAAAAADVLXURSCsAAAAqKbgfQ28gZXZvbHV0aW9uIG9mIEZpcm0jMkEyOUU0LnBkZgAAAAAAAAAAAAAAAAAAAAAAAAAAAAAAAAAAAAAAAAAAACop5NYuNiwAAAAAAAAAAAABAAMAAAkgAAAAAAAAAAAAAAAAAAAAC0NvZXZvbHV0aW9uAAAQAAgAANUtWPEAAAARAAgAANYuKBwAAAABABwAKim4ABkVhwAKzYIACstkAAq96QAJqTgABmncAAIAck1hY2ludG9zaCBIRDpVc2VyczoAanVzdGU6AENvbXBsZXhTeXN0ZW1zOgBDaXR5TmV0d29yazoAQmlibGlvOgBEb2NzOgBDb2V2b2x1dGlvbjoAQ28gZXZvbHV0aW9uIG9mIEZpcm0jMkEyOUU0LnBkZgAOAHYAOgBDAG8AIABlAHYAbwBsAHUAdABpAG8AbgAgAG8AZgAgAEYAaQByAG0AcwAgAEkAbgBkAHUAcwB0AHIAaQBlAHMAIABhAG4AZAAgAE4AZQB0AHcAbwByAGsAcwAgAGkAbgAgAFMAcABhAGMAZQAuAHAAZABmAA8AGgAMAE0AYQBjAGkAbgB0AG8AcwBoACAASABEABIAeVVzZXJzL2p1c3RlL0NvbXBsZXhTeXN0ZW1zL0NpdHlOZXR3b3JrL0JpYmxpby9Eb2NzL0NvZXZvbHV0aW9uL0NvIGV2b2x1dGlvbiBvZiBGaXJtcyBJbmR1c3RyaWVzIGFuZCBOZXR3b3JrcyBpbiBTcGFjZS5wZGYAABMAAS8AABUAAgAM//8AAIAG0hscHR5aJGNsYXNzbmFtZVgkY2xhc3Nlc11OU011dGFibGVEYXRhox0fIFZOU0RhdGFYTlNPYmplY3TSGxwiI1xOU0RpY3Rpb25hcnmiIiBfEA9OU0tleWVkQXJjaGl2ZXLRJidUcm9vdIABAAgAEQAaACMALQAyADcAQABGAE0AVQBgAGcAagBsAG4AcQBzAHUAdwCEAI4A3wDkAOwDagNsA3EDfAOFA5MDlwOeA6cDrAO5A7wDzgPRA9YAAAAAAAACAQAAAAAAAAAoAAAAAAAAAAAAAAAAAAAD2A==}}



@article{colletis2010co,
	Author = {Colletis, Gabriel},
	Date-Added = {2017-11-12 16:31:13 +0000},
	Date-Modified = {2017-11-12 16:31:13 +0000},
	Journal = {Revue d'{\'E}conomie R{\'e}gionale \& Urbaine},
	Number = {2},
	Pages = {235--249},
	Publisher = {Armand Colin},
	Title = {Co-{\'e}volution des territoires et de la technologie: une perspective institutionnaliste},
	Year = {2010},
	Bdsk-File-1 = {YnBsaXN0MDDUAQIDBAUGJCVYJHZlcnNpb25YJG9iamVjdHNZJGFyY2hpdmVyVCR0b3ASAAGGoKgHCBMUFRYaIVUkbnVsbNMJCgsMDxJXTlMua2V5c1pOUy5vYmplY3RzViRjbGFzc6INDoACgAOiEBGABIAFgAdccmVsYXRpdmVQYXRoWWFsaWFzRGF0YV8QJS4uL0RvY3MvQ29ldm9sdXRpb24vUkVSVV8xMDJfMDIzNS5wZGbSFwsYGVdOUy5kYXRhTxEB8AAAAAAB8AACAAAMTWFjaW50b3NoIEhEAAAAAAAAAAAAAAAAAAAA1S11EUgrAAAAKim4EVJFUlVfMTAyXzAyMzUucGRmAAAAAAAAAAAAAAAAAAAAAAAAAAAAAAAAAAAAAAAAAAAAAAAAAAAAAAAAAAAAAAAqKbLWLjWjAAAAAAAAAAAAAQADAAAJIAAAAAAAAAAAAAAAAAAAAAtDb2V2b2x1dGlvbgAAEAAIAADVLVjxAAAAEQAIAADWLieTAAAAAQAcACopuAAZFYcACs2CAArLZAAKvekACak4AAZp3AACAGRNYWNpbnRvc2ggSEQ6VXNlcnM6AGp1c3RlOgBDb21wbGV4U3lzdGVtczoAQ2l0eU5ldHdvcms6AEJpYmxpbzoARG9jczoAQ29ldm9sdXRpb246AFJFUlVfMTAyXzAyMzUucGRmAA4AJAARAFIARQBSAFUAXwAxADAAMgBfADAAMgAzADUALgBwAGQAZgAPABoADABNAGEAYwBpAG4AdABvAHMAaAAgAEgARAASAFBVc2Vycy9qdXN0ZS9Db21wbGV4U3lzdGVtcy9DaXR5TmV0d29yay9CaWJsaW8vRG9jcy9Db2V2b2x1dGlvbi9SRVJVXzEwMl8wMjM1LnBkZgATAAEvAAAVAAIADP//AACABtIbHB0eWiRjbGFzc25hbWVYJGNsYXNzZXNdTlNNdXRhYmxlRGF0YaMdHyBWTlNEYXRhWE5TT2JqZWN00hscIiNcTlNEaWN0aW9uYXJ5oiIgXxAPTlNLZXllZEFyY2hpdmVy0SYnVHJvb3SAAQAIABEAGgAjAC0AMgA3AEAARgBNAFUAYABnAGoAbABuAHEAcwB1AHcAhACOALYAuwDDArcCuQK+AskC0gLgAuQC6wL0AvkDBgMJAxsDHgMjAAAAAAAAAgEAAAAAAAAAKAAAAAAAAAAAAAAAAAAAAyU=}}



@article{doi:10.1080/00343400802662658,
	Author = {Anne L. J. Ter Wal and Ron Boschma},
	Date-Added = {2017-07-03 08:15:27 +0000},
	Date-Modified = {2017-07-03 08:16:18 +0000},
	Doi = {10.1080/00343400802662658},
	Eprint = {http://dx.doi.org/10.1080/00343400802662658},
	Journal = {Regional Studies},
	Number = {7},
	Pages = {919-933},
	Title = {Co-evolution of Firms, Industries and Networks in Space},
	Url = {http://dx.doi.org/10.1080/00343400802662658},
	Volume = {45},
	Year = {2011},
	Bdsk-File-1 = {YnBsaXN0MDDUAQIDBAUGJCVYJHZlcnNpb25YJG9iamVjdHNZJGFyY2hpdmVyVCR0b3ASAAGGoKgHCBMUFRYaIVUkbnVsbNMJCgsMDxJXTlMua2V5c1pOUy5vYmplY3RzViRjbGFzc6INDoACgAOiEBGABIAFgAdccmVsYXRpdmVQYXRoWWFsaWFzRGF0YV8QMy4uL0RvY3MvRWNvbm9taWNHZW9ncmFwaHkvMDMtMDctMjAxN19Dby1ldm9sdXRpLnBkZtIXCxgZV05TLmRhdGFPEQI8AAAAAAI8AAIAAAxNYWNpbnRvc2ggSEQAAAAAAAAAAAAAAAAAAADKQVpsSCsAAAI0FjYZMDMtMDctMjAxN19Dby1ldm9sdXRpLnBkZgAAAAAAAAAAAAAAAAAAAAAAAAAAAAAAAAAAAAAAAAAAAAAAAAAABJXT9dWAHZ0AAAAAAAAAAAABAAMAAAkgAAAAAAAAAAAAAAAAAAAAEUVjb25vbWljR2VvZ3JhcGh5AAAQAAgAAMpA6ewAAAARAAgAANV/rR0AAAABACACNBY2AjF32QIh+RkCIfkQAJDCKQAFAhUABQIUAAC+7AACAH1NYWNpbnRvc2ggSEQ6VXNlcnM6AEp1c3RlOgBEb2N1bWVudHM6AENvbXBsZXhTeXN0ZW1zOgBDaXR5TmV0d29yazoAQmlibGlvOgBEb2NzOgBFY29ub21pY0dlb2dyYXBoeToAMDMtMDctMjAxN19Dby1ldm9sdXRpLnBkZgAADgA0ABkAMAAzAC0AMAA3AC0AMgAwADEANwBfAEMAbwAtAGUAdgBvAGwAdQB0AGkALgBwAGQAZgAPABoADABNAGEAYwBpAG4AdABvAHMAaAAgAEgARAASAGhVc2Vycy9KdXN0ZS9Eb2N1bWVudHMvQ29tcGxleFN5c3RlbXMvQ2l0eU5ldHdvcmsvQmlibGlvL0RvY3MvRWNvbm9taWNHZW9ncmFwaHkvMDMtMDctMjAxN19Dby1ldm9sdXRpLnBkZgATAAEvAAAVAAIADP//AACABtIbHB0eWiRjbGFzc25hbWVYJGNsYXNzZXNdTlNNdXRhYmxlRGF0YaMdHyBWTlNEYXRhWE5TT2JqZWN00hscIiNcTlNEaWN0aW9uYXJ5oiIgXxAPTlNLZXllZEFyY2hpdmVy0SYnVHJvb3SAAQAIABEAGgAjAC0AMgA3AEAARgBNAFUAYABnAGoAbABuAHEAcwB1AHcAhACOAMQAyQDRAxEDEwMYAyMDLAM6Az4DRQNOA1MDYANjA3UDeAN9AAAAAAAAAgEAAAAAAAAAKAAAAAAAAAAAAAAAAAAAA38=},
	Bdsk-Url-1 = {http://dx.doi.org/10.1080/00343400802662658}}



@article{pumain1997pour,
	Author = {Pumain, Denise},
	Date-Added = {2015-12-10 07:50:52 +0000},
	Date-Modified = {2015-12-10 07:50:52 +0000},
	Journal = {Espace g{\'e}ographique},
	Number = {2},
	Pages = {119--134},
	Publisher = {Belin},
	Title = {Pour une th{\'e}orie {\'e}volutive des villes},
	Volume = {26},
	Year = {1997},
	Bdsk-File-1 = {YnBsaXN0MDDUAQIDBAUGJCVYJHZlcnNpb25YJG9iamVjdHNZJGFyY2hpdmVyVCR0b3ASAAGGoKgHCBMUFRYaIVUkbnVsbNMJCgsMDxJXTlMua2V5c1pOUy5vYmplY3RzViRjbGFzc6INDoACgAOiEBGABIAFgAdccmVsYXRpdmVQYXRoWWFsaWFzRGF0YV8QOy4uL0RvY3MvVXJiYW5TeXN0ZW1zL3NwZ2VvXzAwNDYtMjQ5N18xOTk3X251bV8yNl8yXzEwNjMucGRm0hcLGBlXTlMuZGF0YU8RAlgAAAAAAlgAAgAADE1hY2ludG9zaCBIRAAAAAAAAAAAAAAAAAAAAMpBWmxIKwAAAmKq1x9zcGdlb18wMDQ2LTI0OTdfMTk5IzNDNDhFRjkucGRmAAAAAAAAAAAAAAAAAAAAAAAAAAAAAAAAAAAAAAAAAAADxI750o9PtwAAAAAAAAAAAAEAAwAACSAAAAAAAAAAAAAAAAAAAAAMVXJiYW5TeXN0ZW1zABAACAAAykDp7AAAABEACAAA0o7fNwAAAAEAIAJiqtcCMXfZAiH5GQIh+RAAkMIpAAUCFQAFAhQAAL7sAAIAfk1hY2ludG9zaCBIRDpVc2VyczoASnVzdGU6AERvY3VtZW50czoAQ29tcGxleFN5c3RlbXM6AENpdHlOZXR3b3JrOgBCaWJsaW86AERvY3M6AFVyYmFuU3lzdGVtczoAc3BnZW9fMDA0Ni0yNDk3XzE5OSMzQzQ4RUY5LnBkZgAOAE4AJgBzAHAAZwBlAG8AXwAwADAANAA2AC0AMgA0ADkANwBfADEAOQA5ADcAXwBuAHUAbQBfADIANgBfADIAXwAxADAANgAzAC4AcABkAGYADwAaAAwATQBhAGMAaQBuAHQAbwBzAGgAIABIAEQAEgBwVXNlcnMvSnVzdGUvRG9jdW1lbnRzL0NvbXBsZXhTeXN0ZW1zL0NpdHlOZXR3b3JrL0JpYmxpby9Eb2NzL1VyYmFuU3lzdGVtcy9zcGdlb18wMDQ2LTI0OTdfMTk5N19udW1fMjZfMl8xMDYzLnBkZgATAAEvAAAVAAIADP//AACABtIbHB0eWiRjbGFzc25hbWVYJGNsYXNzZXNdTlNNdXRhYmxlRGF0YaMdHyBWTlNEYXRhWE5TT2JqZWN00hscIiNcTlNEaWN0aW9uYXJ5oiIgXxAPTlNLZXllZEFyY2hpdmVy0SYnVHJvb3SAAQAIABEAGgAjAC0AMgA3AEAARgBNAFUAYABnAGoAbABuAHEAcwB1AHcAhACOAMwA0QDZAzUDNwM8A0cDUANeA2IDaQNyA3cDhAOHA5kDnAOhAAAAAAAAAgEAAAAAAAAAKAAAAAAAAAAAAAAAAAAAA6M=}}



@phdthesis{schmitt2014modelisation,
	Abstract = {Is urban growth the result of multiple interactions between cities ? Urban evolutionary theory (Pu main, 2000), based on this postulate, analyses urban growth processes. This thesis, undertaken in an inter-disciplinary context, aims to evaluate the validity of the hypothesis by means of computer simulation. Strong regularities of the urban systems dynamics are extracted from the accumulated scientific knowledge and synthetized into ten major stylized facts. Two simulation models, SimpopLocal and SimpopNet, are then built, documented - thanks to a standardized grid - and systematically explored. They each question a specific aspect of the urban evolutionary theory : the nature of the inter-urban interactions for the first model (i.e. competition for innovation) and their support for the second model (i.e. the role of the communication network structure). The evaluation of the two models required the design and the implementation of two original exploration protocols : an automated calibration method and a sensibility analysis protocol (the Exploration Profile algorithm) which individually evaluates the contribution of each implemented mechanism to the simulated behavior. These two forms of exploration systematically confront the simulation results with current scientific knowledge. They indicate that the two models are able to account for key processes of urban systems dynamics, such as their hierarchical organization, and demonstrate for the first time the need for interurban interaction mechanisms in order to simulate urban evolutions that are close to those observed on real urban systems.},
	Author = {Schmitt, Clara},
	Date-Added = {2015-02-24 17:11:50 +0000},
	Date-Modified = {2015-02-24 17:12:47 +0000},
	School = {Paris 1},
	Title = {Mod{\'e}lisation de la dynamique des syst{\`e}mes de peuplement: de SimpopLocal {\`a} SimpopNet.},
	Year = {2014},
	Bdsk-File-1 = {YnBsaXN0MDDUAQIDBAUGJCVYJHZlcnNpb25YJG9iamVjdHNZJGFyY2hpdmVyVCR0b3ASAAGGoKgHCBMUFRYaIVUkbnVsbNMJCgsMDxJXTlMua2V5c1pOUy5vYmplY3RzViRjbGFzc6INDoACgAOiEBGABIAFgAdccmVsYXRpdmVQYXRoWWFsaWFzRGF0YV8QIS4uL0RvY3MvR2VuZXJhbC90aGVzZS1zY2htaXR0LnBkZtIXCxgZV05TLmRhdGFPEQH+AAAAAAH+AAIAAAxNYWNpbnRvc2ggSEQAAAAAAAAAAAAAAAAAAADKQVpsSCsAAAIxd+kRdGhlc2Utc2NobWl0dC5wZGYAAAAAAAAAAAAAAAAAAAAAAAAAAAAAAAAAAAAAAAAAAAAAAAAAAAAAAAAAAAAAAyR1mtEjI7wAAAAAAAAAAAABAAMAAAkgAAAAAAAAAAAAAAAAAAAAB0dlbmVyYWwAABAACAAAykDp7AAAABEACAAA0SKzPAAAAAEAIAIxd+kCMXfZAiH5GQIh+RAAkMIpAAUCFQAFAhQAAL7sAAIAa01hY2ludG9zaCBIRDpVc2VyczoASnVzdGU6AERvY3VtZW50czoAQ29tcGxleFN5c3RlbXM6AENpdHlOZXR3b3JrOgBCaWJsaW86AERvY3M6AEdlbmVyYWw6AHRoZXNlLXNjaG1pdHQucGRmAAAOACQAEQB0AGgAZQBzAGUALQBzAGMAaABtAGkAdAB0AC4AcABkAGYADwAaAAwATQBhAGMAaQBuAHQAbwBzAGgAIABIAEQAEgBWVXNlcnMvSnVzdGUvRG9jdW1lbnRzL0NvbXBsZXhTeXN0ZW1zL0NpdHlOZXR3b3JrL0JpYmxpby9Eb2NzL0dlbmVyYWwvdGhlc2Utc2NobWl0dC5wZGYAEwABLwAAFQACAAz//wAAgAbSGxwdHlokY2xhc3NuYW1lWCRjbGFzc2VzXU5TTXV0YWJsZURhdGGjHR8gVk5TRGF0YVhOU09iamVjdNIbHCIjXE5TRGljdGlvbmFyeaIiIF8QD05TS2V5ZWRBcmNoaXZlctEmJ1Ryb290gAEACAARABoAIwAtADIANwBAAEYATQBVAGAAZwBqAGwAbgBxAHMAdQB3AIQAjgCyALcAvwLBAsMCyALTAtwC6gLuAvUC/gMDAxADEwMlAygDLQAAAAAAAAIBAAAAAAAAACgAAAAAAAAAAAAAAAAAAAMv}}



@phdthesis{paulus2004coevolution,
	Author = {Paulus, Fabien},
	Date-Added = {2016-04-12 07:49:02 +0000},
	Date-Modified = {2016-04-12 07:49:02 +0000},
	School = {Universit{\'e} Panth{\'e}on-Sorbonne-Paris I},
	Title = {Co{\'e}volution dans les syst{\`e}mes de villes: croissance et sp{\'e}cialisation des aires urbaines fran{\c{c}}aises de 1950 {\`a} 2000},
	Year = {2004},
	Bdsk-File-1 = {YnBsaXN0MDDUAQIDBAUGJCVYJHZlcnNpb25YJG9iamVjdHNZJGFyY2hpdmVyVCR0b3ASAAGGoKgHCBMUFRYaIVUkbnVsbNMJCgsMDxJXTlMua2V5c1pOUy5vYmplY3RzViRjbGFzc6INDoACgAOiEBGABIAFgAdccmVsYXRpdmVQYXRoWWFsaWFzRGF0YV8QJS4uL0RvY3MvVXJiYW5TeXN0ZW1zL3RlbC0wMDAwODA1My5wZGbSFwsYGVdOUy5kYXRhTxECCAAAAAACCAACAAAMTWFjaW50b3NoIEhEAAAAAAAAAAAAAAAAAAAAykFabEgrAAACYqrXEHRlbC0wMDAwODA1My5wZGYAAAAAAAAAAAAAAAAAAAAAAAAAAAAAAAAAAAAAAAAAAAAAAAAAAAAAAAAAAAAAAAQwLq/TMslEAAAAAAAAAAAAAQADAAAJIAAAAAAAAAAAAAAAAAAAAAxVcmJhblN5c3RlbXMAEAAIAADKQOnsAAAAEQAIAADTMljEAAAAAQAgAmKq1wIxd9kCIfkZAiH5EACQwikABQIVAAUCFAAAvuwAAgBvTWFjaW50b3NoIEhEOlVzZXJzOgBKdXN0ZToARG9jdW1lbnRzOgBDb21wbGV4U3lzdGVtczoAQ2l0eU5ldHdvcms6AEJpYmxpbzoARG9jczoAVXJiYW5TeXN0ZW1zOgB0ZWwtMDAwMDgwNTMucGRmAAAOACIAEAB0AGUAbAAtADAAMAAwADAAOAAwADUAMwAuAHAAZABmAA8AGgAMAE0AYQBjAGkAbgB0AG8AcwBoACAASABEABIAWlVzZXJzL0p1c3RlL0RvY3VtZW50cy9Db21wbGV4U3lzdGVtcy9DaXR5TmV0d29yay9CaWJsaW8vRG9jcy9VcmJhblN5c3RlbXMvdGVsLTAwMDA4MDUzLnBkZgATAAEvAAAVAAIADP//AACABtIbHB0eWiRjbGFzc25hbWVYJGNsYXNzZXNdTlNNdXRhYmxlRGF0YaMdHyBWTlNEYXRhWE5TT2JqZWN00hscIiNcTlNEaWN0aW9uYXJ5oiIgXxAPTlNLZXllZEFyY2hpdmVy0SYnVHJvb3SAAQAIABEAGgAjAC0AMgA3AEAARgBNAFUAYABnAGoAbABuAHEAcwB1AHcAhACOALYAuwDDAs8C0QLWAuEC6gL4AvwDAwMMAxEDHgMhAzMDNgM7AAAAAAAAAgEAAAAAAAAAKAAAAAAAAAAAAAAAAAAAAz0=}}



@article{kallis2007coevolution,
	Author = {Kallis, Giorgos},
	Date-Added = {2017-12-06 09:34:21 +0000},
	Date-Modified = {2017-12-06 09:34:21 +0000},
	Journal = {Ecological Economics},
	Number = {1},
	Pages = {1--6},
	Publisher = {Elsevier},
	Title = {When is it coevolution?},
	Volume = {62},
	Year = {2007},
	Bdsk-File-1 = {YnBsaXN0MDDUAQIDBAUGJCVYJHZlcnNpb25YJG9iamVjdHNZJGFyY2hpdmVyVCR0b3ASAAGGoKgHCBMUFRYaIVUkbnVsbNMJCgsMDxJXTlMua2V5c1pOUy5vYmplY3RzViRjbGFzc6INDoACgAOiEBGABIAFgAdccmVsYXRpdmVQYXRoWWFsaWFzRGF0YV8QSS4uL0RvY3MvQ29ldm9sdXRpb24vV2hlbklzSXRDb2V2b2x1dGlvbl8xLXMyLjAtUzA5MjE4MDA5MDcwMDAwNDMtbWFpbi5wZGbSFwsYGVdOUy5kYXRhTxECagAAAAACagACAAAMTWFjaW50b3NoIEhEAAAAAAAAAAAAAAAAAAAA1S11EUgrAAAAKim4H1doZW5Jc0l0Q29ldm9sdXRpb25fIzMxMzE2RS5wZGYAAAAAAAAAAAAAAAAAAAAAAAAAAAAAAAAAAAAAAAAAAAAxMW7WTXfhAAAAAAAAAAAAAQADAAAJIAAAAAAAAAAAAAAAAAAAAAtDb2V2b2x1dGlvbgAAEAAIAADVLVjxAAAAEQAIAADWTWnRAAAAAQAcACopuAAZFYcACs2CAArLZAAKvekACak4AAZp3AACAHJNYWNpbnRvc2ggSEQ6VXNlcnM6AGp1c3RlOgBDb21wbGV4U3lzdGVtczoAQ2l0eU5ldHdvcms6AEJpYmxpbzoARG9jczoAQ29ldm9sdXRpb246AFdoZW5Jc0l0Q29ldm9sdXRpb25fIzMxMzE2RS5wZGYADgBsADUAVwBoAGUAbgBJAHMASQB0AEMAbwBlAHYAbwBsAHUAdABpAG8AbgBfADEALQBzADIALgAwAC0AUwAwADkAMgAxADgAMAAwADkAMAA3ADAAMAAwADAANAAzAC0AbQBhAGkAbgAuAHAAZABmAA8AGgAMAE0AYQBjAGkAbgB0AG8AcwBoACAASABEABIAdFVzZXJzL2p1c3RlL0NvbXBsZXhTeXN0ZW1zL0NpdHlOZXR3b3JrL0JpYmxpby9Eb2NzL0NvZXZvbHV0aW9uL1doZW5Jc0l0Q29ldm9sdXRpb25fMS1zMi4wLVMwOTIxODAwOTA3MDAwMDQzLW1haW4ucGRmABMAAS8AABUAAgAM//8AAIAG0hscHR5aJGNsYXNzbmFtZVgkY2xhc3Nlc11OU011dGFibGVEYXRhox0fIFZOU0RhdGFYTlNPYmplY3TSGxwiI1xOU0RpY3Rpb25hcnmiIiBfEA9OU0tleWVkQXJjaGl2ZXLRJidUcm9vdIABAAgAEQAaACMALQAyADcAQABGAE0AVQBgAGcAagBsAG4AcQBzAHUAdwCEAI4A2gDfAOcDVQNXA1wDZwNwA34DggOJA5IDlwOkA6cDuQO8A8EAAAAAAAACAQAAAAAAAAAoAAAAAAAAAAAAAAAAAAADww==}}



@book{nelson2009evolutionary,
	Author = {Nelson, Richard R and Winter, Sidney G},
	Date-Added = {2017-08-01 07:45:18 +0000},
	Date-Modified = {2017-08-01 07:45:18 +0000},
	Publisher = {Harvard University Press},
	Title = {An evolutionary theory of economic change},
	Year = {2009}}



@article{tolio2010species,
	Author = {Tolio, T and Ceglarek, Darek and ElMaraghy, HA and Fischer, A and Hu, SJ and Laperri{\`e}re, L and Newman, Stephen T and V{\'a}ncza, J{\'o}zsef},
	Date-Added = {2017-11-12 16:52:17 +0000},
	Date-Modified = {2017-11-12 16:52:17 +0000},
	Journal = {CIRP Annals-Manufacturing Technology},
	Number = {2},
	Pages = {672--693},
	Publisher = {Elsevier},
	Title = {SPECIES---Co-evolution of products, processes and production systems},
	Volume = {59},
	Year = {2010},
	Bdsk-File-1 = {YnBsaXN0MDDUAQIDBAUGJCVYJHZlcnNpb25YJG9iamVjdHNZJGFyY2hpdmVyVCR0b3ASAAGGoKgHCBMUFRYaIVUkbnVsbNMJCgsMDxJXTlMua2V5c1pOUy5vYmplY3RzViRjbGFzc6INDoACgAOiEBGABIAFgAdccmVsYXRpdmVQYXRoWWFsaWFzRGF0YV8QSy4uL0RvY3MvQ29ldm9sdXRpb24vUHJvZHVjdHNNYW51ZmFjdHVyaW5nXzEtczIuMC1TMDAwNzg1MDYxMDAwMTk1Mi1tYWluLnBkZtIXCxgZV05TLmRhdGFPEQJwAAAAAAJwAAIAAAxNYWNpbnRvc2ggSEQAAAAAAAAAAAAAAAAAAADVLXURSCsAAAAqKbgfUHJvZHVjdHNNYW51ZmFjdHVyaW4jMkEyQUI4LnBkZgAAAAAAAAAAAAAAAAAAAAAAAAAAAAAAAAAAAAAAAAAAACoquNYuOrQAAAAAAAAAAAABAAMAAAkgAAAAAAAAAAAAAAAAAAAAC0NvZXZvbHV0aW9uAAAQAAgAANUtWPEAAAARAAgAANYuLKQAAAABABwAKim4ABkVhwAKzYIACstkAAq96QAJqTgABmncAAIAck1hY2ludG9zaCBIRDpVc2VyczoAanVzdGU6AENvbXBsZXhTeXN0ZW1zOgBDaXR5TmV0d29yazoAQmlibGlvOgBEb2NzOgBDb2V2b2x1dGlvbjoAUHJvZHVjdHNNYW51ZmFjdHVyaW4jMkEyQUI4LnBkZgAOAHAANwBQAHIAbwBkAHUAYwB0AHMATQBhAG4AdQBmAGEAYwB0AHUAcgBpAG4AZwBfADEALQBzADIALgAwAC0AUwAwADAAMAA3ADgANQAwADYAMQAwADAAMAAxADkANQAyAC0AbQBhAGkAbgAuAHAAZABmAA8AGgAMAE0AYQBjAGkAbgB0AG8AcwBoACAASABEABIAdlVzZXJzL2p1c3RlL0NvbXBsZXhTeXN0ZW1zL0NpdHlOZXR3b3JrL0JpYmxpby9Eb2NzL0NvZXZvbHV0aW9uL1Byb2R1Y3RzTWFudWZhY3R1cmluZ18xLXMyLjAtUzAwMDc4NTA2MTAwMDE5NTItbWFpbi5wZGYAEwABLwAAFQACAAz//wAAgAbSGxwdHlokY2xhc3NuYW1lWCRjbGFzc2VzXU5TTXV0YWJsZURhdGGjHR8gVk5TRGF0YVhOU09iamVjdNIbHCIjXE5TRGljdGlvbmFyeaIiIF8QD05TS2V5ZWRBcmNoaXZlctEmJ1Ryb290gAEACAARABoAIwAtADIANwBAAEYATQBVAGAAZwBqAGwAbgBxAHMAdQB3AIQAjgDcAOEA6QNdA18DZANvA3gDhgOKA5EDmgOfA6wDrwPBA8QDyQAAAAAAAAIBAAAAAAAAACgAAAAAAAAAAAAAAAAAAAPL}}




@article{volberda2003co,
	Author = {Volberda, Henk W and Lewin, Arie Y},
	Date-Added = {2017-11-12 16:47:01 +0000},
	Date-Modified = {2017-11-12 16:47:01 +0000},
	Journal = {Journal of management studies},
	Number = {8},
	Pages = {2111--2136},
	Publisher = {Wiley Online Library},
	Title = {Co-evolutionary dynamics within and between firms: From evolution to co-evolution},
	Volume = {40},
	Year = {2003},
	Bdsk-File-1 = {YnBsaXN0MDDUAQIDBAUGJCVYJHZlcnNpb25YJG9iamVjdHNZJGFyY2hpdmVyVCR0b3ASAAGGoKgHCBMUFRYaIVUkbnVsbNMJCgsMDxJXTlMua2V5c1pOUy5vYmplY3RzViRjbGFzc6INDoACgAOiEBGABIAFgAdccmVsYXRpdmVQYXRoWWFsaWFzRGF0YV8QJC4uL0RvY3MvQ29ldm9sdXRpb24vdm9sYmVyZGEyMDAzLnBkZtIXCxgZV05TLmRhdGFPEQHuAAAAAAHuAAIAAAxNYWNpbnRvc2ggSEQAAAAAAAAAAAAAAAAAAADVLXURSCsAAAAqKbgQdm9sYmVyZGEyMDAzLnBkZgAAAAAAAAAAAAAAAAAAAAAAAAAAAAAAAAAAAAAAAAAAAAAAAAAAAAAAAAAAAAAAACoqf9YuOXgAAAAAAAAAAAABAAMAAAkgAAAAAAAAAAAAAAAAAAAAC0NvZXZvbHV0aW9uAAAQAAgAANUtWPEAAAARAAgAANYuK2gAAAABABwAKim4ABkVhwAKzYIACstkAAq96QAJqTgABmncAAIAY01hY2ludG9zaCBIRDpVc2VyczoAanVzdGU6AENvbXBsZXhTeXN0ZW1zOgBDaXR5TmV0d29yazoAQmlibGlvOgBEb2NzOgBDb2V2b2x1dGlvbjoAdm9sYmVyZGEyMDAzLnBkZgAADgAiABAAdgBvAGwAYgBlAHIAZABhADIAMAAwADMALgBwAGQAZgAPABoADABNAGEAYwBpAG4AdABvAHMAaAAgAEgARAASAE9Vc2Vycy9qdXN0ZS9Db21wbGV4U3lzdGVtcy9DaXR5TmV0d29yay9CaWJsaW8vRG9jcy9Db2V2b2x1dGlvbi92b2xiZXJkYTIwMDMucGRmAAATAAEvAAAVAAIADP//AACABtIbHB0eWiRjbGFzc25hbWVYJGNsYXNzZXNdTlNNdXRhYmxlRGF0YaMdHyBWTlNEYXRhWE5TT2JqZWN00hscIiNcTlNEaWN0aW9uYXJ5oiIgXxAPTlNLZXllZEFyY2hpdmVy0SYnVHJvb3SAAQAIABEAGgAjAC0AMgA3AEAARgBNAFUAYABnAGoAbABuAHEAcwB1AHcAhACOALUAugDCArQCtgK7AsYCzwLdAuEC6ALxAvYDAwMGAxgDGwMgAAAAAAAAAgEAAAAAAAAAKAAAAAAAAAAAAAAAAAAAAyI=}}


@article{schamp201020,
	Author = {Schamp, Eike W},
	Date-Added = {2017-11-12 16:35:40 +0000},
	Date-Modified = {2017-11-12 16:35:40 +0000},
	Journal = {The handbook of evolutionary economic geography},
	Pages = {432},
	Title = {On the notion of co-evolution in economic geography},
	Year = {2010},
	Bdsk-File-1 = {YnBsaXN0MDDUAQIDBAUGJCVYJHZlcnNpb25YJG9iamVjdHNZJGFyY2hpdmVyVCR0b3ASAAGGoKgHCBMUFRYaIVUkbnVsbNMJCgsMDxJXTlMua2V5c1pOUy5vYmplY3RzViRjbGFzc6INDoACgAOiEBGABIAFgAdccmVsYXRpdmVQYXRoWWFsaWFzRGF0YV8QPS4uL0RvY3MvQ29ldm9sdXRpb24vVEhFIEhBTkRCT09LIE9GIEVWT0xVVElPTkFSWSBFQ09OT01JQy5wZGbSFwsYGVdOUy5kYXRhTxECRgAAAAACRgACAAAMTWFjaW50b3NoIEhEAAAAAAAAAAAAAAAAAAAA1S11EUgrAAAAKim4H1RIRSBIQU5EQk9PSyBPRiBFVk9MIzJBMjlGRC5wZGYAAAAAAAAAAAAAAAAAAAAAAAAAAAAAAAAAAAAAAAAAAAAqKf3WLjbXAAAAAAAAAAAAAQADAAAJIAAAAAAAAAAAAAAAAAAAAAtDb2V2b2x1dGlvbgAAEAAIAADVLVjxAAAAEQAIAADWLijHAAAAAQAcACopuAAZFYcACs2CAArLZAAKvekACak4AAZp3AACAHJNYWNpbnRvc2ggSEQ6VXNlcnM6AGp1c3RlOgBDb21wbGV4U3lzdGVtczoAQ2l0eU5ldHdvcms6AEJpYmxpbzoARG9jczoAQ29ldm9sdXRpb246AFRIRSBIQU5EQk9PSyBPRiBFVk9MIzJBMjlGRC5wZGYADgBUACkAVABIAEUAIABIAEEATgBEAEIATwBPAEsAIABPAEYAIABFAFYATwBMAFUAVABJAE8ATgBBAFIAWQAgAEUAQwBPAE4ATwBNAEkAQwAuAHAAZABmAA8AGgAMAE0AYQBjAGkAbgB0AG8AcwBoACAASABEABIAaFVzZXJzL2p1c3RlL0NvbXBsZXhTeXN0ZW1zL0NpdHlOZXR3b3JrL0JpYmxpby9Eb2NzL0NvZXZvbHV0aW9uL1RIRSBIQU5EQk9PSyBPRiBFVk9MVVRJT05BUlkgRUNPTk9NSUMucGRmABMAAS8AABUAAgAM//8AAIAG0hscHR5aJGNsYXNzbmFtZVgkY2xhc3Nlc11OU011dGFibGVEYXRhox0fIFZOU0RhdGFYTlNPYmplY3TSGxwiI1xOU0RpY3Rpb25hcnmiIiBfEA9OU0tleWVkQXJjaGl2ZXLRJidUcm9vdIABAAgAEQAaACMALQAyADcAQABGAE0AVQBgAGcAagBsAG4AcQBzAHUAdwCEAI4AzgDTANsDJQMnAywDNwNAA04DUgNZA2IDZwN0A3cDiQOMA5EAAAAAAAACAQAAAAAAAAAoAAAAAAAAAAAAAAAAAAADkw==}}


@article{bull2000meme,
	Author = {Bull, Larry and Holland, Owen and Blackmore, Susan},
	Date-Added = {2017-12-06 10:07:02 +0000},
	Date-Modified = {2017-12-06 10:07:02 +0000},
	Journal = {Artificial life},
	Number = {3},
	Pages = {227--235},
	Publisher = {MIT Press},
	Title = {On meme--gene coevolution},
	Volume = {6},
	Year = {2000},
	Bdsk-File-1 = {YnBsaXN0MDDUAQIDBAUGJCVYJHZlcnNpb25YJG9iamVjdHNZJGFyY2hpdmVyVCR0b3ASAAGGoKgHCBMUFRYaIVUkbnVsbNMJCgsMDxJXTlMua2V5c1pOUy5vYmplY3RzViRjbGFzc6INDoACgAOiEBGABIAFgAdccmVsYXRpdmVQYXRoWWFsaWFzRGF0YV8QIC4uL0RvY3MvQ29ldm9sdXRpb24vYnVsbDIwMDAucGRm0hcLGBlXTlMuZGF0YU8RAd4AAAAAAd4AAgAADE1hY2ludG9zaCBIRAAAAAAAAAAAAAAAAAAAANUtdRFIKwAAACopuAxidWxsMjAwMC5wZGYAAAAAAAAAAAAAAAAAAAAAAAAAAAAAAAAAAAAAAAAAAAAAAAAAAAAAAAAAAAAAAAAAAAAAMTOX1k1/pgAAAAAAAAAAAAEAAwAACSAAAAAAAAAAAAAAAAAAAAALQ29ldm9sdXRpb24AABAACAAA1S1Y8QAAABEACAAA1k1xlgAAAAEAHAAqKbgAGRWHAArNggAKy2QACr3pAAmpOAAGadwAAgBfTWFjaW50b3NoIEhEOlVzZXJzOgBqdXN0ZToAQ29tcGxleFN5c3RlbXM6AENpdHlOZXR3b3JrOgBCaWJsaW86AERvY3M6AENvZXZvbHV0aW9uOgBidWxsMjAwMC5wZGYAAA4AGgAMAGIAdQBsAGwAMgAwADAAMAAuAHAAZABmAA8AGgAMAE0AYQBjAGkAbgB0AG8AcwBoACAASABEABIAS1VzZXJzL2p1c3RlL0NvbXBsZXhTeXN0ZW1zL0NpdHlOZXR3b3JrL0JpYmxpby9Eb2NzL0NvZXZvbHV0aW9uL2J1bGwyMDAwLnBkZgAAEwABLwAAFQACAAz//wAAgAbSGxwdHlokY2xhc3NuYW1lWCRjbGFzc2VzXU5TTXV0YWJsZURhdGGjHR8gVk5TRGF0YVhOU09iamVjdNIbHCIjXE5TRGljdGlvbmFyeaIiIF8QD05TS2V5ZWRBcmNoaXZlctEmJ1Ryb290gAEACAARABoAIwAtADIANwBAAEYATQBVAGAAZwBqAGwAbgBxAHMAdQB3AIQAjgCxALYAvgKgAqICpwKyArsCyQLNAtQC3QLiAu8C8gMEAwcDDAAAAAAAAAIBAAAAAAAAACgAAAAAAAAAAAAAAAAAAAMO}}



@inproceedings{carrignon2015modelling,
	Author = {Carrignon, Simon and Montanier, Jean-Marc and Rubio-Campillo, Xavier},
	Booktitle = {Winter Simulation Conference (WSC), 2015},
	Date-Added = {2017-12-05 16:37:35 +0000},
	Date-Modified = {2017-12-05 16:37:35 +0000},
	Organization = {IEEE},
	Pages = {3949--3960},
	Title = {Modelling the co-evolution of trade and culture in past societies},
	Year = {2015},
	Bdsk-File-1 = {YnBsaXN0MDDUAQIDBAUGJCVYJHZlcnNpb25YJG9iamVjdHNZJGFyY2hpdmVyVCR0b3ASAAGGoKgHCBMUFRYaIVUkbnVsbNMJCgsMDxJXTlMua2V5c1pOUy5vYmplY3RzViRjbGFzc6INDoACgAOiEBGABIAFgAdccmVsYXRpdmVQYXRoWWFsaWFzRGF0YV8QKS4uL0RvY3MvQ29ldm9sdXRpb24vQ2Fycmlnbm9uX2FydGljbGUucGRm0hcLGBlXTlMuZGF0YU8RAgAAAAAAAgAAAgAADE1hY2ludG9zaCBIRAAAAAAAAAAAAAAAAAAAANUtdRFIKwAAACopuBVDYXJyaWdub25fYXJ0aWNsZS5wZGYAAAAAAAAAAAAAAAAAAAAAAAAAAAAAAAAAAAAAAAAAAAAAAAAAAAAAAAAAMRXW1kyJ5AAAAAAAAAAAAAEAAwAACSAAAAAAAAAAAAAAAAAAAAALQ29ldm9sdXRpb24AABAACAAA1S1Y8QAAABEACAAA1kx71AAAAAEAHAAqKbgAGRWHAArNggAKy2QACr3pAAmpOAAGadwAAgBoTWFjaW50b3NoIEhEOlVzZXJzOgBqdXN0ZToAQ29tcGxleFN5c3RlbXM6AENpdHlOZXR3b3JrOgBCaWJsaW86AERvY3M6AENvZXZvbHV0aW9uOgBDYXJyaWdub25fYXJ0aWNsZS5wZGYADgAsABUAQwBhAHIAcgBpAGcAbgBvAG4AXwBhAHIAdABpAGMAbABlAC4AcABkAGYADwAaAAwATQBhAGMAaQBuAHQAbwBzAGgAIABIAEQAEgBUVXNlcnMvanVzdGUvQ29tcGxleFN5c3RlbXMvQ2l0eU5ldHdvcmsvQmlibGlvL0RvY3MvQ29ldm9sdXRpb24vQ2Fycmlnbm9uX2FydGljbGUucGRmABMAAS8AABUAAgAM//8AAIAG0hscHR5aJGNsYXNzbmFtZVgkY2xhc3Nlc11OU011dGFibGVEYXRhox0fIFZOU0RhdGFYTlNPYmplY3TSGxwiI1xOU0RpY3Rpb25hcnmiIiBfEA9OU0tleWVkQXJjaGl2ZXLRJidUcm9vdIABAAgAEQAaACMALQAyADcAQABGAE0AVQBgAGcAagBsAG4AcQBzAHUAdwCEAI4AugC/AMcCywLNAtIC3QLmAvQC+AL/AwgDDQMaAx0DLwMyAzcAAAAAAAACAQAAAAAAAAAoAAAAAAAAAAAAAAAAAAADOQ==}}




@article{Mesoudi25072017,
	Abstract = {In the past few decades, scholars from several disciplines have pursued the curious parallel noted by Darwin between the genetic evolution of species and the cultural evolution of beliefs, skills, knowledge, languages, institutions, and other forms of socially transmitted information. Here, I review current progress in the pursuit of an evolutionary science of culture that is grounded in both biological and evolutionary theory, but also treats culture as more than a proximate mechanism that is directly controlled by genes. Both genetic and cultural evolution can be described as systems of inherited variation that change over time in response to processes such as selection, migration, and drift. Appropriate differences between genetic and cultural change are taken seriously, such as the possibility in the latter of nonrandomly guided variation or transformation, blending inheritance, and one-to-many transmission. The foundation of cultural evolution was laid in the late 20th century with population-genetic style models of cultural microevolution, and the use of phylogenetic methods to reconstruct cultural macroevolution. Since then, there have been major efforts to understand the sociocognitive mechanisms underlying cumulative cultural evolution, the consequences of demography on cultural evolution, the empirical validity of assumed social learning biases, the relative role of transformative and selective processes, and the use of quantitative phylogenetic and multilevel selection models to understand past and present dynamics of society-level change. I conclude by highlighting the interdisciplinary challenges of studying cultural evolution, including its relation to the traditional social sciences and humanities.},
	Author = {Mesoudi, Alex},
	Date-Added = {2017-07-26 01:25:42 +0000},
	Date-Modified = {2017-07-26 01:25:42 +0000},
	Doi = {10.1073/pnas.1620741114},
	Eprint = {http://www.pnas.org/content/114/30/7853.full.pdf},
	Journal = {Proceedings of the National Academy of Sciences},
	Number = {30},
	Pages = {7853-7860},
	Title = {Pursuing Darwin's curious parallel: Prospects for a science of cultural evolution},
	Url = {http://www.pnas.org/content/114/30/7853.abstract},
	Volume = {114},
	Year = {2017},
	Bdsk-File-1 = {YnBsaXN0MDDUAQIDBAUGJCVYJHZlcnNpb25YJG9iamVjdHNZJGFyY2hpdmVyVCR0b3ASAAGGoKgHCBMUFRYaIVUkbnVsbNMJCgsMDxJXTlMua2V5c1pOUy5vYmplY3RzViRjbGFzc6INDoACgAOiEBGABIAFgAdccmVsYXRpdmVQYXRoWWFsaWFzRGF0YV8QNy4uL0RvY3MvQ3VsdHVyYWxFdm9sdXRpb24vUE5BUy0yMDE3LU1lc291ZGktNzg1My02MC5wZGbSFwsYGVdOUy5kYXRhTxECMgAAAAACMgACAAAMTWFjaW50b3NoIEhEAAAAAAAAAAAAAAAAAAAA1S11EUgrAAAAMTwQHVBOQVMtMjAxNy1NZXNvdWRpLTc4NTMtNjAucGRmAAAAAAAAAAAAAAAAAAAAAAAAAAAAAAAAAAAAAAAAAAAAAAAxPA7WTcjIAAAAAAAAAAAAAQADAAAJIAAAAAAAAAAAAAAAAAAAABFDdWx0dXJhbEV2b2x1dGlvbgAAEAAIAADVLVjxAAAAEQAIAADWTbq4AAAAAQAcADE8EAAZFYcACs2CAArLZAAKvekACak4AAZp3AACAHZNYWNpbnRvc2ggSEQ6VXNlcnM6AGp1c3RlOgBDb21wbGV4U3lzdGVtczoAQ2l0eU5ldHdvcms6AEJpYmxpbzoARG9jczoAQ3VsdHVyYWxFdm9sdXRpb246AFBOQVMtMjAxNy1NZXNvdWRpLTc4NTMtNjAucGRmAA4APAAdAFAATgBBAFMALQAyADAAMQA3AC0ATQBlAHMAbwB1AGQAaQAtADcAOAA1ADMALQA2ADAALgBwAGQAZgAPABoADABNAGEAYwBpAG4AdABvAHMAaAAgAEgARAASAGJVc2Vycy9qdXN0ZS9Db21wbGV4U3lzdGVtcy9DaXR5TmV0d29yay9CaWJsaW8vRG9jcy9DdWx0dXJhbEV2b2x1dGlvbi9QTkFTLTIwMTctTWVzb3VkaS03ODUzLTYwLnBkZgATAAEvAAAVAAIADP//AACABtIbHB0eWiRjbGFzc25hbWVYJGNsYXNzZXNdTlNNdXRhYmxlRGF0YaMdHyBWTlNEYXRhWE5TT2JqZWN00hscIiNcTlNEaWN0aW9uYXJ5oiIgXxAPTlNLZXllZEFyY2hpdmVy0SYnVHJvb3SAAQAIABEAGgAjAC0AMgA3AEAARgBNAFUAYABnAGoAbABuAHEAcwB1AHcAhACOAMgAzQDVAwsDDQMSAx0DJgM0AzgDPwNIA00DWgNdA28DcgN3AAAAAAAAAgEAAAAAAAAAKAAAAAAAAAAAAAAAAAAAA3k=},
	Bdsk-Url-1 = {http://www.pnas.org/content/114/30/7853.abstract},
	Bdsk-Url-2 = {http://dx.doi.org/10.1073/pnas.1620741114}}



@article{dybdahl1996geography,
	Author = {Dybdahl, Mark F and Lively, Curtis M},
	Date-Added = {2017-11-12 16:43:00 +0000},
	Date-Modified = {2017-11-12 16:43:00 +0000},
	Journal = {Evolution},
	Number = {6},
	Pages = {2264--2275},
	Publisher = {Wiley Online Library},
	Title = {The geography of coevolution: comparative population structures for a snail and its trematode parasite},
	Volume = {50},
	Year = {1996},
	Bdsk-File-1 = {YnBsaXN0MDDUAQIDBAUGJCVYJHZlcnNpb25YJG9iamVjdHNZJGFyY2hpdmVyVCR0b3ASAAGGoKgHCBMUFRYaIVUkbnVsbNMJCgsMDxJXTlMua2V5c1pOUy5vYmplY3RzViRjbGFzc6INDoACgAOiEBGABIAFgAdccmVsYXRpdmVQYXRoWWFsaWFzRGF0YV8QNC4uL0RvY3MvQ29ldm9sdXRpb24vRHliZGFobF9ldF9hbC0xOTk2LUV2b2x1dGlvbi5wZGbSFwsYGVdOUy5kYXRhTxECLAAAAAACLAACAAAMTWFjaW50b3NoIEhEAAAAAAAAAAAAAAAAAAAA1S11EUgrAAAAKim4H0R5YmRhaGxfZXRfYWwtMTk5Ni1FIzMxM0E3Ny5wZGYAAAAAAAAAAAAAAAAAAAAAAAAAAAAAAAAAAAAAAAAAAAAxOnfWLjh4AAAAAAAAAAAAAQADAAAJIAAAAAAAAAAAAAAAAAAAAAtDb2V2b2x1dGlvbgAAEAAIAADVLVjxAAAAEQAIAADWLipoAAAAAQAcACopuAAZFYcACs2CAArLZAAKvekACak4AAZp3AACAHJNYWNpbnRvc2ggSEQ6VXNlcnM6AGp1c3RlOgBDb21wbGV4U3lzdGVtczoAQ2l0eU5ldHdvcms6AEJpYmxpbzoARG9jczoAQ29ldm9sdXRpb246AER5YmRhaGxfZXRfYWwtMTk5Ni1FIzMxM0E3Ny5wZGYADgBCACAARAB5AGIAZABhAGgAbABfAGUAdABfAGEAbAAtADEAOQA5ADYALQBFAHYAbwBsAHUAdABpAG8AbgAuAHAAZABmAA8AGgAMAE0AYQBjAGkAbgB0AG8AcwBoACAASABEABIAX1VzZXJzL2p1c3RlL0NvbXBsZXhTeXN0ZW1zL0NpdHlOZXR3b3JrL0JpYmxpby9Eb2NzL0NvZXZvbHV0aW9uL0R5YmRhaGxfZXRfYWwtMTk5Ni1Fdm9sdXRpb24ucGRmAAATAAEvAAAVAAIADP//AACABtIbHB0eWiRjbGFzc25hbWVYJGNsYXNzZXNdTlNNdXRhYmxlRGF0YaMdHyBWTlNEYXRhWE5TT2JqZWN00hscIiNcTlNEaWN0aW9uYXJ5oiIgXxAPTlNLZXllZEFyY2hpdmVy0SYnVHJvb3SAAQAIABEAGgAjAC0AMgA3AEAARgBNAFUAYABnAGoAbABuAHEAcwB1AHcAhACOAMUAygDSAwIDBAMJAxQDHQMrAy8DNgM/A0QDUQNUA2YDaQNuAAAAAAAAAgEAAAAAAAAAKAAAAAAAAAAAAAAAAAAAA3A=}}




@article{strauss2005toward,
	Author = {Strauss, Sharon Y and Sahli, Heather and Conner, Jeffrey K},
	Date-Added = {2017-11-12 16:57:00 +0000},
	Date-Modified = {2017-11-12 16:57:00 +0000},
	Journal = {New Phytologist},
	Number = {1},
	Pages = {81--90},
	Publisher = {Wiley Online Library},
	Title = {Toward a more trait-centered approach to diffuse (co) evolution},
	Volume = {165},
	Year = {2005},
	Bdsk-File-1 = {YnBsaXN0MDDUAQIDBAUGJCVYJHZlcnNpb25YJG9iamVjdHNZJGFyY2hpdmVyVCR0b3ASAAGGoKgHCBMUFRYaIVUkbnVsbNMJCgsMDxJXTlMua2V5c1pOUy5vYmplY3RzViRjbGFzc6INDoACgAOiEBGABIAFgAdccmVsYXRpdmVQYXRoWWFsaWFzRGF0YV8QOi4uL0RvY3MvQ29ldm9sdXRpb24vU3RyYXVzc19ldF9hbC0yMDA1LU5ld19QaHl0b2xvZ2lzdC5wZGbSFwsYGVdOUy5kYXRhTxECPgAAAAACPgACAAAMTWFjaW50b3NoIEhEAAAAAAAAAAAAAAAAAAAA1S11EUgrAAAAKim4H1N0cmF1c3NfZXRfYWwtMjAwNS1OIzJBMkFFNC5wZGYAAAAAAAAAAAAAAAAAAAAAAAAAAAAAAAAAAAAAAAAAAAAqKuTWLjvVAAAAAAAAAAAAAQADAAAJIAAAAAAAAAAAAAAAAAAAAAtDb2V2b2x1dGlvbgAAEAAIAADVLVjxAAAAEQAIAADWLi3FAAAAAQAcACopuAAZFYcACs2CAArLZAAKvekACak4AAZp3AACAHJNYWNpbnRvc2ggSEQ6VXNlcnM6AGp1c3RlOgBDb21wbGV4U3lzdGVtczoAQ2l0eU5ldHdvcms6AEJpYmxpbzoARG9jczoAQ29ldm9sdXRpb246AFN0cmF1c3NfZXRfYWwtMjAwNS1OIzJBMkFFNC5wZGYADgBOACYAUwB0AHIAYQB1AHMAcwBfAGUAdABfAGEAbAAtADIAMAAwADUALQBOAGUAdwBfAFAAaAB5AHQAbwBsAG8AZwBpAHMAdAAuAHAAZABmAA8AGgAMAE0AYQBjAGkAbgB0AG8AcwBoACAASABEABIAZVVzZXJzL2p1c3RlL0NvbXBsZXhTeXN0ZW1zL0NpdHlOZXR3b3JrL0JpYmxpby9Eb2NzL0NvZXZvbHV0aW9uL1N0cmF1c3NfZXRfYWwtMjAwNS1OZXdfUGh5dG9sb2dpc3QucGRmAAATAAEvAAAVAAIADP//AACABtIbHB0eWiRjbGFzc25hbWVYJGNsYXNzZXNdTlNNdXRhYmxlRGF0YaMdHyBWTlNEYXRhWE5TT2JqZWN00hscIiNcTlNEaWN0aW9uYXJ5oiIgXxAPTlNLZXllZEFyY2hpdmVy0SYnVHJvb3SAAQAIABEAGgAjAC0AMgA3AEAARgBNAFUAYABnAGoAbABuAHEAcwB1AHcAhACOAMsA0ADYAxoDHAMhAywDNQNDA0cDTgNXA1wDaQNsA34DgQOGAAAAAAAAAgEAAAAAAAAAKAAAAAAAAAAAAAAAAAAAA4g=}}



@article{janzen1980coevolution,
	Author = {Janzen, Daniel H},
	Date-Added = {2017-12-06 09:42:40 +0000},
	Date-Modified = {2017-12-06 09:42:40 +0000},
	Journal = {Evolution},
	Number = {3},
	Pages = {611--612},
	Title = {When is it coevolution},
	Volume = {34},
	Year = {1980},
	Bdsk-File-1 = {YnBsaXN0MDDUAQIDBAUGJCVYJHZlcnNpb25YJG9iamVjdHNZJGFyY2hpdmVyVCR0b3ASAAGGoKgHCBMUFRYaIVUkbnVsbNMJCgsMDxJXTlMua2V5c1pOUy5vYmplY3RzViRjbGFzc6INDoACgAOiEBGABIAFgAdccmVsYXRpdmVQYXRoWWFsaWFzRGF0YV8QHy4uL0RvY3MvQ29ldm9sdXRpb24vMjQwODIyOS5wZGbSFwsYGVdOUy5kYXRhTxEB2AAAAAAB2AACAAAMTWFjaW50b3NoIEhEAAAAAAAAAAAAAAAAAAAA1S11EUgrAAAAKim4CzI0MDgyMjkucGRmAAAAAAAAAAAAAAAAAAAAAAAAAAAAAAAAAAAAAAAAAAAAAAAAAAAAAAAAAAAAAAAAAAAAAAAxMfXWTXn+AAAAAAAAAAAAAQADAAAJIAAAAAAAAAAAAAAAAAAAAAtDb2V2b2x1dGlvbgAAEAAIAADVLVjxAAAAEQAIAADWTWvuAAAAAQAcACopuAAZFYcACs2CAArLZAAKvekACak4AAZp3AACAF5NYWNpbnRvc2ggSEQ6VXNlcnM6AGp1c3RlOgBDb21wbGV4U3lzdGVtczoAQ2l0eU5ldHdvcms6AEJpYmxpbzoARG9jczoAQ29ldm9sdXRpb246ADI0MDgyMjkucGRmAA4AGAALADIANAAwADgAMgAyADkALgBwAGQAZgAPABoADABNAGEAYwBpAG4AdABvAHMAaAAgAEgARAASAEpVc2Vycy9qdXN0ZS9Db21wbGV4U3lzdGVtcy9DaXR5TmV0d29yay9CaWJsaW8vRG9jcy9Db2V2b2x1dGlvbi8yNDA4MjI5LnBkZgATAAEvAAAVAAIADP//AACABtIbHB0eWiRjbGFzc25hbWVYJGNsYXNzZXNdTlNNdXRhYmxlRGF0YaMdHyBWTlNEYXRhWE5TT2JqZWN00hscIiNcTlNEaWN0aW9uYXJ5oiIgXxAPTlNLZXllZEFyY2hpdmVy0SYnVHJvb3SAAQAIABEAGgAjAC0AMgA3AEAARgBNAFUAYABnAGoAbABuAHEAcwB1AHcAhACOALAAtQC9ApkCmwKgAqsCtALCAsYCzQLWAtsC6ALrAv0DAAMFAAAAAAAAAgEAAAAAAAAAKAAAAAAAAAAAAAAAAAAAAwc=}}




@book{durham1991coevolution,
	Author = {Durham, William H},
	Date-Added = {2017-12-06 10:03:25 +0000},
	Date-Modified = {2017-12-06 10:03:25 +0000},
	Publisher = {Stanford University Press},
	Title = {Coevolution: Genes, culture, and human diversity},
	Year = {1991}}




@incollection{roth2009reconstruction,
	Author = {Roth, Camille},
	Booktitle = {Epistemological Aspects of Computer Simulation in the Social Sciences},
	Date-Added = {2017-06-29 10:13:55 +0000},
	Date-Modified = {2017-06-29 10:13:55 +0000},
	Pages = {89--98},
	Publisher = {Springer},
	Title = {Reconstruction Failures: Questioning Level Design},
	Year = {2009},
	Bdsk-File-1 = {YnBsaXN0MDDUAQIDBAUGJCVYJHZlcnNpb25YJG9iamVjdHNZJGFyY2hpdmVyVCR0b3ASAAGGoKgHCBMUFRYaIVUkbnVsbNMJCgsMDxJXTlMua2V5c1pOUy5vYmplY3RzViRjbGFzc6INDoACgAOiEBGABIAFgAdccmVsYXRpdmVQYXRoWWFsaWFzRGF0YV8QMC4uL0RvY3MvRXBpc3RlbW9sb2d5L2JvayUzQTk3OC0zLTY0Mi0wMTEwOS0yLnBkZtIXCxgZV05TLmRhdGFPEQI0AAAAAAI0AAIAAAxNYWNpbnRvc2ggSEQAAAAAAAAAAAAAAAAAAADKQVpsSCsAAAI0IVcbYm9rJTNBOTc4LTMtNjQyLTAxMTA5LTIucGRmAAAAAAAAAAAAAAAAAAAAAAAAAAAAAAAAAAAAAAAAAAAAAAAABJVQt9V6854AAAAAAAAAAAABAAMAAAkgAAAAAAAAAAAAAAAAAAAADEVwaXN0ZW1vbG9neQAQAAgAAMpA6ewAAAARAAgAANV6gx4AAAABACACNCFXAjF32QIh+RkCIfkQAJDCKQAFAhUABQIUAAC+7AACAHpNYWNpbnRvc2ggSEQ6VXNlcnM6AEp1c3RlOgBEb2N1bWVudHM6AENvbXBsZXhTeXN0ZW1zOgBDaXR5TmV0d29yazoAQmlibGlvOgBEb2NzOgBFcGlzdGVtb2xvZ3k6AGJvayUzQTk3OC0zLTY0Mi0wMTEwOS0yLnBkZgAOADgAGwBiAG8AawAlADMAQQA5ADcAOAAtADMALQA2ADQAMgAtADAAMQAxADAAOQAtADIALgBwAGQAZgAPABoADABNAGEAYwBpAG4AdABvAHMAaAAgAEgARAASAGVVc2Vycy9KdXN0ZS9Eb2N1bWVudHMvQ29tcGxleFN5c3RlbXMvQ2l0eU5ldHdvcmsvQmlibGlvL0RvY3MvRXBpc3RlbW9sb2d5L2JvayUzQTk3OC0zLTY0Mi0wMTEwOS0yLnBkZgAAEwABLwAAFQACAAz//wAAgAbSGxwdHlokY2xhc3NuYW1lWCRjbGFzc2VzXU5TTXV0YWJsZURhdGGjHR8gVk5TRGF0YVhOU09iamVjdNIbHCIjXE5TRGljdGlvbmFyeaIiIF8QD05TS2V5ZWRBcmNoaXZlctEmJ1Ryb290gAEACAARABoAIwAtADIANwBAAEYATQBVAGAAZwBqAGwAbgBxAHMAdQB3AIQAjgDBAMYAzgMGAwgDDQMYAyEDLwMzAzoDQwNIA1UDWANqA20DcgAAAAAAAAIBAAAAAAAAACgAAAAAAAAAAAAAAAAAAAN0}}


@book{morin1980methode,
	Author = {Morin, Edgar},
	Date-Added = {2017-12-05 09:09:55 +0000},
	Date-Modified = {2017-12-05 09:09:55 +0000},
	Publisher = {Le Seuil},
	Title = {La M{\'e}thode, tome 2. La Vie de la Vie},
	Year = {1980}}




@inbook{vanderLeeuw2009,
	Abstract = {In the first chapter of this book, David Lane et{\textasciitilde}al. point out that the Darwinian approach to biological evolution is insufficient for the description and explanation of the cultural and social transmission of many, if not most, of society's characteristics. Instead, the chapter proposes that we shift from `population thinking' to `organization thinking' to understand socio-cultural phenomena. In essence, such thinking focuses on the role of information in shaping institutions and societies. In the second chapter, Dwight Read et al. outline a crucial stage in the evolution of human societies, which they call `The Innovation Innovation'. It concerns the beginnings of information processing by (small-scale) societies about societies. They outline, in a few steps, how human beings may have developed a conceptual apparatus to describe and to manage their own bio--social (kinship) relations.},
	Address = {Dordrecht},
	Author = {van der Leeuw, Sander and Lane, David and Read, Dwight},
	Booktitle = {Complexity Perspectives in Innovation and Social Change},
	Date-Added = {2017-06-30 13:49:30 +0000},
	Date-Modified = {2017-06-30 13:49:30 +0000},
	Doi = {10.1007/978-1-4020-9663-1_4},
	Isbn = {978-1-4020-9663-1},
	Pages = {85--116},
	Publisher = {Springer Netherlands},
	Title = {The Long-Term Evolution of Social Organization},
	Url = {http://dx.doi.org/10.1007/978-1-4020-9663-1_4},
	Year = {2009},
	Bdsk-Url-1 = {http://dx.doi.org/10.1007/978-1-4020-9663-1_4}}



@article{angeletti2015etres,
	Author = {Angeletti, Thomas and Berlan, Aur{\'e}lien},
	Date-Added = {2017-11-15 07:52:49 +0000},
	Date-Modified = {2017-11-15 07:52:49 +0000},
	Journal = {Trac{\'e}s. Revue de Sciences humaines},
	Number = {29},
	Pages = {7--22},
	Publisher = {ENS {\'E}ditions},
	Title = {Les {\^e}tres collectifs en question},
	Year = {2015},
	Bdsk-File-1 = {YnBsaXN0MDDUAQIDBAUGJCVYJHZlcnNpb25YJG9iamVjdHNZJGFyY2hpdmVyVCR0b3ASAAGGoKgHCBMUFRYaIVUkbnVsbNMJCgsMDxJXTlMua2V5c1pOUy5vYmplY3RzViRjbGFzc6INDoACgAOiEBGABIAFgAdccmVsYXRpdmVQYXRoWWFsaWFzRGF0YW8QVAAuAC4ALwBEAG8AYwBzAC8AUwBvAGMAaQBvAGwAbwBnAHkALwBBAG4AZwBlAGwAZQB0AHQAaQAgAGUAdAAgAEIAZQByAGwAYQBuACAALQAgADIAMAAxADUAIAAtACAATABlAHMAIABlAwIAdAByAGUAcwAgAGMAbwBsAGwAZQBjAHQAaQBmAHMAIABlAG4AIABxAHUAZQBzAHQAaQBvAG4ALgBwAGQAZtIXCxgZV05TLmRhdGFPEQKMAAAAAAKMAAIAAAxNYWNpbnRvc2ggSEQAAAAAAAAAAAAAAAAAAADVLXURSCsAAAArf90fQW5nZWxldHRpIGV0IEJlcmxhbiAjMkI3RkU1LnBkZgAAAAAAAAAAAAAAAAAAAAAAAAAAAAAAAAAAAAAAAAAAACt/5dYxsIoAAAAAAAAAAAABAAMAAAkgAAAAAAAAAAAAAAAAAAAACVNvY2lvbG9neQAAEAAIAADVLVjxAAAAEQAIAADWMaJ6AAAAAQAcACt/3QAZFYcACs2CAArLZAAKvekACak4AAZp3AACAHBNYWNpbnRvc2ggSEQ6VXNlcnM6AGp1c3RlOgBDb21wbGV4U3lzdGVtczoAQ2l0eU5ldHdvcms6AEJpYmxpbzoARG9jczoAU29jaW9sb2d5OgBBbmdlbGV0dGkgZXQgQmVybGFuICMyQjdGRTUucGRmAA4AhgBCAEEAbgBnAGUAbABlAHQAdABpACAAZQB0ACAAQgBlAHIAbABhAG4AIAAtACAAMgAwADEANQAgAC0AIABMAGUAcwAgAGUDAgB0AHIAZQBzACAAYwBvAGwAbABlAGMAdABpAGYAcwAgAGUAbgAgAHEAdQBlAHMAdABpAG8AbgAuAHAAZABmAA8AGgAMAE0AYQBjAGkAbgB0AG8AcwBoACAASABEABIAgFVzZXJzL2p1c3RlL0NvbXBsZXhTeXN0ZW1zL0NpdHlOZXR3b3JrL0JpYmxpby9Eb2NzL1NvY2lvbG9neS9BbmdlbGV0dGkgZXQgQmVybGFuIC0gMjAxNSAtIExlcyBlzIJ0cmVzIGNvbGxlY3RpZnMgZW4gcXVlc3Rpb24ucGRmABMAAS8AABUAAgAM//8AAIAG0hscHR5aJGNsYXNzbmFtZVgkY2xhc3Nlc11OU011dGFibGVEYXRhox0fIFZOU0RhdGFYTlNPYmplY3TSGxwiI1xOU0RpY3Rpb25hcnmiIiBfEA9OU0tleWVkQXJjaGl2ZXLRJidUcm9vdIABAAgAEQAaACMALQAyADcAQABGAE0AVQBgAGcAagBsAG4AcQBzAHUAdwCEAI4BOQE+AUYD1gPYA90D6APxA/8EAwQKBBMEGAQlBCgEOgQ9BEIAAAAAAAACAQAAAAAAAAAoAAAAAAAAAAAAAAAAAAAERA==}}



@article{2017arXiv170305917G,
	Adsnote = {Provided by the SAO/NASA Astrophysics Data System},
	Adsurl = {http://adsabs.harvard.edu/abs/2017arXiv170305917G},
	Archiveprefix = {arXiv},
	Author = {{Gabora}, L. and {Steel}, M.},
	Date-Added = {2017-03-20 16:09:07 +0000},
	Date-Modified = {2017-03-20 16:09:07 +0000},
	Eprint = {1703.05917},
	Journal = {arXiv preprint arXiv:1703.05917},
	Keywords = {Quantitative Biology - Neurons and Cognition},
	Month = mar,
	Primaryclass = {q-bio.NC},
	Title = {{Autocatalytic networks in cognition and the origin of culture}},
	Year = 2017,
	Bdsk-File-1 = {YnBsaXN0MDDUAQIDBAUGJCVYJHZlcnNpb25YJG9iamVjdHNZJGFyY2hpdmVyVCR0b3ASAAGGoKgHCBMUFRYaIVUkbnVsbNMJCgsMDxJXTlMua2V5c1pOUy5vYmplY3RzViRjbGFzc6INDoACgAOiEBGABIAFgAdccmVsYXRpdmVQYXRoWWFsaWFzRGF0YV8QJy4uL0RvY3MvQ29nbml0aXZlU2NpZW5jZS8xNzAzLjA1OTE3LnBkZtIXCxgZV05TLmRhdGFPEQIMAAAAAAIMAAIAAAxNYWNpbnRvc2ggSEQAAAAAAAAAAAAAAAAAAADKQVpsSCsAAASERYQOMTcwMy4wNTkxNy5wZGYAAAAAAAAAAAAAAAAAAAAAAAAAAAAAAAAAAAAAAAAAAAAAAAAAAAAAAAAAAAAAAAAABIRFbNT2HtwAAAAAAAAAAAABAAMAAAkgAAAAAAAAAAAAAAAAAAAAEENvZ25pdGl2ZVNjaWVuY2UAEAAIAADKQOnsAAAAEQAIAADU9a5cAAAAAQAgBIRFhAIxd9kCIfkZAiH5EACQwikABQIVAAUCFAAAvuwAAgBxTWFjaW50b3NoIEhEOlVzZXJzOgBKdXN0ZToARG9jdW1lbnRzOgBDb21wbGV4U3lzdGVtczoAQ2l0eU5ldHdvcms6AEJpYmxpbzoARG9jczoAQ29nbml0aXZlU2NpZW5jZToAMTcwMy4wNTkxNy5wZGYAAA4AHgAOADEANwAwADMALgAwADUAOQAxADcALgBwAGQAZgAPABoADABNAGEAYwBpAG4AdABvAHMAaAAgAEgARAASAFxVc2Vycy9KdXN0ZS9Eb2N1bWVudHMvQ29tcGxleFN5c3RlbXMvQ2l0eU5ldHdvcmsvQmlibGlvL0RvY3MvQ29nbml0aXZlU2NpZW5jZS8xNzAzLjA1OTE3LnBkZgATAAEvAAAVAAIADP//AACABtIbHB0eWiRjbGFzc25hbWVYJGNsYXNzZXNdTlNNdXRhYmxlRGF0YaMdHyBWTlNEYXRhWE5TT2JqZWN00hscIiNcTlNEaWN0aW9uYXJ5oiIgXxAPTlNLZXllZEFyY2hpdmVy0SYnVHJvb3SAAQAIABEAGgAjAC0AMgA3AEAARgBNAFUAYABnAGoAbABuAHEAcwB1AHcAhACOALgAvQDFAtUC1wLcAucC8AL+AwIDCQMSAxcDJAMnAzkDPANBAAAAAAAAAgEAAAAAAAAAKAAAAAAAAAAAAAAAAAAAA0M=}}






@article{banos2013pour,
		Author = {Banos, Arnaud},
			Date-Added = {2015-03-09 17:39:41 +0000},
				Date-Modified = {2015-03-31 17:09:20 +0000},
					Journal = {HDR. Universit{\'e} Paris},
						Title = {Pour des pratiques de mod{\'e}lisation et de simulation lib{\'e}r{\'e}es en G{\'e}ographies et SHS},
							Volume = {1},
								Year = {2013}
								}




@book{monod1970hasard,
	Author = {Monod, J.},
	Date-Added = {2017-07-01 05:50:42 +0000},
	Date-Modified = {2017-07-01 05:51:56 +0000},
	Publisher = {Points},
	Title = {Le hasard et la N{\'e}cessit{\'e}},
	Year = {1970}}





@article{bettencourt2007growth,
	Author = {Bettencourt, Lu{\'\i}s MA and Lobo, Jos{\'e} and Helbing, Dirk and K{\"u}hnert, Christian and West, Geoffrey B},
	Date-Added = {2016-05-31 10:26:05 +0000},
	Date-Modified = {2016-05-31 10:26:05 +0000},
	Journal = {Proceedings of the national academy of sciences},
	Number = {17},
	Pages = {7301--7306},
	Publisher = {National Acad Sciences},
	Title = {Growth, innovation, scaling, and the pace of life in cities},
	Volume = {104},
	Year = {2007},
	Bdsk-File-1 = {YnBsaXN0MDDUAQIDBAUGJCVYJHZlcnNpb25YJG9iamVjdHNZJGFyY2hpdmVyVCR0b3ASAAGGoKgHCBMUFRYaIVUkbnVsbNMJCgsMDxJXTlMua2V5c1pOUy5vYmplY3RzViRjbGFzc6INDoACgAOiEBGABIAFgAdccmVsYXRpdmVQYXRoWWFsaWFzRGF0YV8QMC4uL0RvY3MvU2NhbGluZy9QTkFTLTIwMDctQmV0dGVuY291cnQtNzMwMS02LnBkZtIXCxgZV05TLmRhdGFPEQI6AAAAAAI6AAIAAAxNYWNpbnRvc2ggSEQAAAAAAAAAAAAAAAAAAADKQVpsSCsAAAJV2jMfUE5BUy0yMDA3LUJldHRlbmNvdSM0NDY5Rjk5LnBkZgAAAAAAAAAAAAAAAAAAAAAAAAAAAAAAAAAAAAAAAAAABEafmdNzh6MAAAAAAAAAAAABAAMAAAkgAAAAAAAAAAAAAAAAAAAAB1NjYWxpbmcAABAACAAAykDp7AAAABEACAAA03MXIwAAAAEAIAJV2jMCMXfZAiH5GQIh+RAAkMIpAAUCFQAFAhQAAL7sAAIAeU1hY2ludG9zaCBIRDpVc2VyczoASnVzdGU6AERvY3VtZW50czoAQ29tcGxleFN5c3RlbXM6AENpdHlOZXR3b3JrOgBCaWJsaW86AERvY3M6AFNjYWxpbmc6AFBOQVMtMjAwNy1CZXR0ZW5jb3UjNDQ2OUY5OS5wZGYAAA4AQgAgAFAATgBBAFMALQAyADAAMAA3AC0AQgBlAHQAdABlAG4AYwBvAHUAcgB0AC0ANwAzADAAMQAtADYALgBwAGQAZgAPABoADABNAGEAYwBpAG4AdABvAHMAaAAgAEgARAASAGVVc2Vycy9KdXN0ZS9Eb2N1bWVudHMvQ29tcGxleFN5c3RlbXMvQ2l0eU5ldHdvcmsvQmlibGlvL0RvY3MvU2NhbGluZy9QTkFTLTIwMDctQmV0dGVuY291cnQtNzMwMS02LnBkZgAAEwABLwAAFQACAAz//wAAgAbSGxwdHlokY2xhc3NuYW1lWCRjbGFzc2VzXU5TTXV0YWJsZURhdGGjHR8gVk5TRGF0YVhOU09iamVjdNIbHCIjXE5TRGljdGlvbmFyeaIiIF8QD05TS2V5ZWRBcmNoaXZlctEmJ1Ryb290gAEACAARABoAIwAtADIANwBAAEYATQBVAGAAZwBqAGwAbgBxAHMAdQB3AIQAjgDBAMYAzgMMAw4DEwMeAycDNQM5A0ADSQNOA1sDXgNwA3MDeAAAAAAAAAIBAAAAAAAAACgAAAAAAAAAAAAAAAAAAAN6}}





