%% This BibTeX bibliography file was created using BibDesk.
%% http://bibdesk.sourceforge.net/

%% Created for Juste Raimbault at 2017-09-08 15:04:38 +0200 


%% Saved with string encoding Unicode (UTF-8) 


@article{chavalarias2017s,
  title={Whatâ€™s wrong with Science?},
  author={Chavalarias, David},
  journal={Scientometrics},
  volume={110},
  number={1},
  pages={481--503},
  year={2017},
  publisher={Springer}
}

@book{west2017scale,
  title={Scale: The Universal Laws of Growth, Innovation, Sustainability, and the Pace of Life in Organisms, Cities, Economies, and Companies},
  author={West, Geoffrey},
  year={2017},
  publisher={Penguin}
}

@misc{barthelemy2016structure,
  title={The Structure and Dynamics of Cities},
  author={Barthelemy, Marc},
  year={2016},
  publisher={Cambridge University Press}
}

@misc{juste_raimbault_2017_838263,
	Author = {Juste Raimbault},
	Date-Added = {2017-09-08 13:04:18 +0000},
	Date-Modified = {2017-09-08 13:04:18 +0000},
	Doi = {10.5281/zenodo.838263},
	Month = aug,
	Title = {JusteRaimbault/ThesisMemoire: Version 3.2},
	Url = {https://doi.org/10.5281/zenodo.838263},
	Year = 2017,
	Bdsk-Url-1 = {https://doi.org/10.5281/zenodo.838263},
	Bdsk-Url-2 = {http://dx.doi.org/10.5281/zenodo.838263}}
