

@ARTICLE{2017arXiv170806743R,
   author = {{Raimbault}, J.},
    title = {Calibration of a Density-based Model of Urban Morphogenesis},
  journal = {ArXiv e-prints},
archivePrefix = {arXiv},
   eprint = {1708.06743},
 primaryClass = {physics.soc-ph},
 keywords = {Physics - Physics and Society, Computer Science - Multiagent Systems},
     year = 2017,
    month = jul,
   adsurl = {http://adsabs.harvard.edu/abs/2017arXiv170806743R},
  adsnote = {Provided by the SAO/NASA Astrophysics Data System}
}





@inproceedings{raimbault2017identification,
	Author = {Raimbault, Juste},
	Booktitle = {Proceedings of SAGEO 2017},
	Title = {Identification de causalites dans des donnees spatio-temporelles},
	Year = {2017}}

