@article{chang2006models,
  title={Models of the relationship between transport and land-use: A review},
  author={Chang, Justin S},
  journal={Transport Reviews},
  volume={26},
  number={3},
  pages={325--350},
  year={2006},
  publisher={Taylor \& Francis}
}


@article{wegener2004land,
  title={Land-use transport interaction: state of the art},
  author={Wegener, Michael and F{\"u}rst, Franz},
  year={2004}
}


@article{bebber2007biological,
  title={Biological solutions to transport network design},
  author={Bebber, Daniel P and Hynes, Juliet and Darrah, Peter R and Boddy, Lynne and Fricker, Mark D},
  journal={Proceedings of the Royal Society of London B: Biological Sciences},
  volume={274},
  number={1623},
  pages={2307--2315},
  year={2007},
  publisher={The Royal Society}
}


@article{tero2010rules,
  title={Rules for biologically inspired adaptive network design},
  author={Tero, Atsushi and Takagi, Seiji and Saigusa, Tetsu and Ito, Kentaro and Bebber, Dan P and Fricker, Mark D and Yumiki, Kenji and Kobayashi, Ryo and Nakagaki, Toshiyuki},
  journal={Science},
  volume={327},
  number={5964},
  pages={439--442},
  year={2010},
  publisher={American Association for the Advancement of Science}
}