%% This BibTeX bibliography file was created using BibDesk.
%% http://bibdesk.sourceforge.net/


%% Created for Juste Raimbault at 2017-02-20 19:18:50 +0100 


%% Saved with string encoding Occidental (ISO Latin 1) 



@inproceedings{raimbault2014hybrid,
	Author = {Raimbault, J. and Banos, A. and Doursat, R.},
	Booktitle = {Proceedings of the 4th International Conference on Complex Systems and Applications (ICCSA 2014), June 23-26, 2014, Universit{\'e} de Normandie, Le Havre, France; M. A. Aziz-Alaoui, C. Bertelle, X. Z. Liu, D. Olivier, eds.: pp. 51-60.},
	Title = {A hybrid network/grid model of urban morphogenesis and optimization},
	Year = {2014}}

@inproceedings{serra2016game,
	Author = {Serra, H{\'e}l{\`e}ne and Raimbault, Juste},
	Booktitle = {SETAC 2016},
	Title = {Game-based tools to transmit freshwater ecology concepts},
	Year = {2016}}

@inproceedings{raimbault2016techno,
	Author = {Raimbault, Juste and Bergeaud, Antonin and Potiron, Yoann},
	Booktitle = {Conference on Complex Systems 2016},
	Title = {Investigating Patterns of Technological Innovation},
	Year = {2016}}

@article{raimbault2016discrepancy,
	Author = {Raimbault, Juste},
	Journal = {Forthcoming in Proceedings of CSDM 2016. arXiv preprint arXiv:1608.00840},
	Title = {A Discrepancy-based Framework to Compare Robustness between Multi-Attribute Evaluations},
	Year = {2016}}

@article{antelope2016interdisciplinary,
	Author = {Antelope, Chenling and Hubatsch, Lars and Raimbault, Juste and Serna, Jesus Mario},
	Journal = {Forthcoming in Proceedings of Santa Fe Institute CSSS 2016.},
	Title = {An Interdisciplinary Approach to Morphogenesis},
	Year = {2016}}

@article{raimbault2017investigating,
	Author = {Raimbault, Juste},
	Journal = {Transportation Research Procedia},
	Title = {Investigating the Empirical Existence of Static User Equilibrium},
	Volume = {22C},
	Pages = {450--458},
	Year = {2017},
	url={DOI : 10.1016/j.trpro.2017.03.053 ; arXiv preprint arXiv:1608.05266}
	}

@conference{raimbault2015labex,
	Author = {Raimbault, J. and Gonzalez, J.},
	Booktitle = {Rencontres du Labex Dynamites},
	Title = {Application de la Morphog{\'e}n{\`e}se de R{\'e}seaux Biologiques {\`a} la Conception Optimale d'Infrastructures de Transport},
	Year = {May 2015}}

@inproceedings{raimbault2015hybrid,
	Author = {Raimbault, Juste},
	Booktitle = {International Conference on Computational Social Science},
	Title = {Hybrid Modeling of a Bike-Sharing Transportation System},
	Year = {2015}}

@inproceedings{le2015modeling,
	Author = {Le N{\'e}chet, Florent and Raimbault, Juste},
	Booktitle = {Plurimondi. An International Forum for Research and Debate on Human Settlements},
	Number = {15},
	Title = {Modeling the emergence of metropolitan transport autorithy in a polycentric urban region},
	Volume = {7},
	Year = {2015}}

@inproceedings{raimbault2016generation,
	Author = {Raimbault, J.},
	Booktitle = {Actes des Journees de Rochebrune 2016.},
	Title = {Generation of Correlated Synthetic Data},
	Year = {2016}}

@inproceedings{raimbault2016models,
	Author = {Raimbault, Juste},
	Booktitle = {Conference on Complex Systems 2016},
	Title = {Models of growth for system of cities: Back to the simple},
	Year = {2016}}

@inproceedings{raimbault2016cautious,
	Author = {Raimbault, Juste},
	Booktitle = {Royal Geographical Society-Annual Conference 2016-Session: Geocomputation, the Next 20 Years (1)},
	Title = {For a Cautious Use of Big Data and Computation},
	Year = {2016}}

@article{raimbault2015models,
	Author = {J. Raimbault},
	Journal = {Plurimondi. An International Forum for Research and Debate on Human Settlements},
	Number = {15},
	Title = {Models Coupling Urban Growth and Transportation Network Growth: An Algorithmic Systematic Review Approach},
	Volume = {7},
	Year = {2015}}

@phdthesis{raimbault2016memoire,
	Author = {Raimbault, Juste},
	School = {{Universit{\'e} Paris-Diderot - Paris VII}},
	Title = {Towards Models Coupling Urban Growth and Transportation Network Growth. First year preliminary memoire. DOI : http://dx.doi.org/10.5281/zenodo.60538},
	Year = {2016}}

@inproceedings{raimbault2016indirect,
	Author = {Raimbault, Juste},
	Booktitle = {20e Anniversaire de Cybergeo},
	Title = {Indirect Bibliometrics by Complex Network Analysis},
	Year = {2016}}

@misc{cybergeo20,
	Author = {Pierre-Olivier Chasset and Clementine Cottineau and Hadrien Commenges and Juste Raimbault},
	Doi = {10.5281/zenodo.53905},
	Month = may,
	Title = {cybergeo20 v1.0, DOI 10.5281/zenodo.53905},
	Url = {https://doi.org/10.5281/zenodo.53905},
	Year = 2016,
	Bdsk-Url-1 = {https://doi.org/10.5281/zenodo.53905},
	Bdsk-Url-2 = {http://dx.doi.org/10.5281/zenodo.53905}}
