@article{pumain1997pour,
  title={Pour une th{\'e}orie {\'e}volutive des villes},
  author={Pumain, Denise},
  journal={L'Espace g{\'e}ographique},
  pages={119--134},
  year={1997},
  publisher={JSTOR}
}

@phdthesis{bretagnolle2009villes,
  title={Villes et r{\'e}seaux de transport: des interactions dans la longue dur{\'e}e (France, Europe, Etats-Unis)},
  author={Bretagnolle, Anne},
  year={2009},
  school={Universit{\'e} Panth{\'e}on-Sorbonne-Paris I}
}


@article{favaro2011gibrat,
  title={Gibrat Revisited: An Urban Growth Model Incorporating Spatial Interaction and Innovation Cycles. 再评吉尔布瑞特: 顾及空间相互作用和创新周期的城市增长模型},
  author={Favaro, Jean-Marc and Pumain, Denise},
  journal={Geographical Analysis},
  volume={43},
  number={3},
  pages={261--286},
  year={2011},
  publisher={Wiley Online Library}
}


@inproceedings{raimbault:halshs-01370274,
  TITLE = {{Models of growth for system of cities : Back to the simple}},
  AUTHOR = {Raimbault, Juste},
  URL = {https://halshs.archives-ouvertes.fr/halshs-01370274},
  BOOKTITLE = {{Conference on Complex Systems 2016}},
  ADDRESS = {Amsterdam, Netherlands},
  YEAR = {2016},
  MONTH = Sep,
  KEYWORDS = {System of Cities  ;  Urban Growth  ;  Model Calibration  ;  Empirical AIC},
  HAL_ID = {halshs-01370274},
  HAL_VERSION = {v1},
}